@INPROCEEDINGS{6526525,
author={Sruthi, M.B. and Abirami, M. and Manikkoth, A. and Gandhiraj, R. and Soman, K.P.},
booktitle={Automation, Computing, Communication, Control and Compressed Sensing (iMac4s), 2013 International Multi-Conference on},
title={Low cost digital transceiver design for Software Defined Radio using RTL-SDR},
year={2013},
month={March},
pages={852-855},
keywords={cost reduction;mixers (circuits);radio transceivers;software radio;GNU radio-companion;Linux platform;RTL-SDR;Realtek software defined radio;USRP;Windows platform;cost reduction;digital transceiver design;hardware maintenance;mixer circuit;open source hardware;total transceiver system;universal software radio peripheral;up-gradation;wireless communication;Frequency shift keying;Hardware;Mixers;Radio frequency;Software;Software radio;GNU Radio-Companion;MIXER;RTL-SDR;SDR;USRP},
doi={10.1109/iMac4s.2013.6526525},}


@INPROCEEDINGS{6893337,
author={Sergienko, A.B.},
booktitle={Computer Technologies in Physical and Engineering Applications (ICCTPEA), 2014 International Conference on},
title={Software-defined radio in MATLAB Simulink with RTL-SDR hardware},
year={2014},
month={June},
pages={160-161},
keywords={demodulators;mathematics computing;software radio;television receivers;MATLAB Simulink;MATLAB/Simulink;RTL-SDR hardware;Realtek RTL2832U demodulator;Release 2013b;USB TV receivers;software-defined radio platform;Demodulation;Digital TV;MATLAB;Ports (Computers);Receivers;Tuners},
doi={10.1109/ICCTPEA.2014.6893337},}

@INPROCEEDINGS{6821718,
author={Uengtrakul, B. and Bunnjaweht, D.},
booktitle={Digital Information and Communication Technology and it's Applications (DICTAP), 2014 Fourth International Conference on},
title={A cost efficient software defined radio receiver for demonstrating concepts in communication and signal processing using Python and RTL-SDR},
year={2014},
month={May},
pages={394-399},
keywords={electrical engineering education;radio receivers;signal processing;software radio;Python;RTL-SDR;communication processing;cost efficient software defined radio receiver;digital TV tuner;educational tool;electrical engineering studies;radio signal;signal processing;Frequency modulation;Receivers;Software;Software radio;Tuners;Affordable;Communication;Cost Efficient;Demonstration;Education;Python;RTL-SDR;Signal Processing;Software Defined Radio},
doi={10.1109/DICTAP.2014.6821718},}

@INPROCEEDINGS{6938691,
author={Danymol, R. and Ajitha, T. and Gandhiraj, R.},
booktitle={Advanced Computing and Communication Systems (ICACCS), 2013 International Conference on},
title={Real-time communication system design using RTL-SDR and Raspberry Pi},
year={2013},
month={Dec},
pages={1-5},
keywords={receivers;software radio;FM signals;GNU radio experiments;Local Area Network;RTL-2832U USB receiver;RTL-SDR;Raspberry Pi;real-time communication system design;software defined radio;Computers;Frequency modulation;Servers;Software;Tuners;Universal Serial Bus;GNU Radio;RTL-SDR;Raspberry Pi;SDR Sharp},
doi={10.1109/ICACCS.2013.6938691},}

@INPROCEEDINGS{6922233,
author={Nimmi, S. and Saranya, V. and Theertha Das, G.M. and Gandhiraj, R.},
booktitle={Green Computing Communication and Electrical Engineering (ICGCCEE), 2014 International Conference on},
title={Real-time video streaming using GStreamer in GNU Radio platform},
year={2014},
month={March},
pages={1-6},
keywords={computer aided instruction;educational aids;public domain software;software radio;telecommunication computing;video streaming;GNU radio platform;GStreamer pipeline;Mplayer;RTL-SDR;USRP;Universal Synchronous Radio Peripheral;educators learning styles;live video stream buffering;open source platform;real-time video streaming;receiver block;software defined radio;students learning styles;Radio transmitters;Real-time systems;Receivers;Signal processing;Software;Software radio;Streaming media;GMSK modulation;GNU Radio Companion;GStreamer;RTL-SDR;USRP;Video streaming},
doi={10.1109/ICGCCEE.2014.6922233},}

@INPROCEEDINGS{6726630,
author={Abirami, M. and Hariharan, V. and Sruthi, M.B. and Gandhiraj, R. and Soman, K.P.},
booktitle={Computing, Communications and Networking Technologies (ICCCNT),2013 Fourth International Conference on},
title={Exploiting GNU radio and USRP: An economical test bed for real time communication systems},
year={2013},
month={July},
pages={1-6},
keywords={real-time systems;software radio;telecommunication computing;GNU radio companion;GRC;RTL-SDR;USRP;analog communication experiment;real time communication system;universal software radio peripheral;Frequency modulation;Hardware;Real-time systems;Receivers;Software;Software radio;RealTek Software Defined Radio (RTLSDR);Software Defined Radio(SDR);Universal Software Radio Peripheral(USRP)},
doi={10.1109/ICCCNT.2013.6726630},}

@INPROCEEDINGS{4509617,
author={Alimi, R. and Li Li and Ramjee, R. and Viswanathan, H. and Yang, Y.R.},
booktitle={INFOCOM 2008. The 27th Conference on Computer Communications. IEEE},
title={iPack: in-Network Packet Mixing for High Throughput Wireless Mesh Networks},
year={2008},
month={April},
pages={-},
keywords={encoding;optimisation;packet radio networks;protocols;scheduling;telecommunication traffic;XOR-based network coding;high throughput wireless mesh network;iPack in-network packet mixing;joint coding iPack algorithm;joint optimization scheduler;network traffic;optimal mixing algorithm;physical layer superposition coding;protocol stack;Communications Society;Network coding;Performance gain;Physical layer;Protocols;Telecommunication traffic;Testing;Throughput;USA Councils;Wireless mesh networks},
doi={10.1109/INFOCOM.2008.22},
ISSN={0743-166X},}

@INPROCEEDINGS{5062250,
author={Li Li and Alimi, R. and Ramjee, R. and Viswanathan, H. and Yang, Y.R.},
booktitle={INFOCOM 2009, IEEE},
title={muNet: Harnessing Multiuser Capacity in Wireless Mesh Networks},
year={2009},
month={April},
pages={2876-2880},
keywords={access protocols;channel capacity;encoding;interference suppression;radio networks;radio receivers;radio transmitters;routing protocols;GNU radio platform;MAC protocol;media access control;muNet;multiaccess wireless channels;multiuser capacity;physical layer techniques;receivers;routing protocol;simultaneous unicast transmissions;successive interference cancellation;superposition coding;transmission scheduling;transmitter;wireless mesh network design;Channel capacity;Gain measurement;Interference cancellation;Media Access Protocol;Physical layer;Radio transmitters;Receivers;Routing protocols;Unicast;Wireless mesh networks},
doi={10.1109/INFCOM.2009.5062250},
ISSN={0743-166X},}

@INPROCEEDINGS{4292880,
author={Miller, R. and Wenyuan Xu and Kamat, Pandurang and Trappe, W.},
booktitle={Sensor, Mesh and Ad Hoc Communications and Networks, 2007. SECON '07. 4th Annual IEEE Communications Society Conference on},
title={Service Discovery and Device Identification in Cognitive Radio Networks},
year={2007},
month={June},
pages={670-677},
keywords={cognitive radio;cryptography;protocols;telecommunication network reliability;authentication functionality;cognitive radio networks;device identification;narrowband spectral sampling;physical layer information;protocol-specific properties;service discovery;spectral efficiency;Authentication;Chromium;Cognitive radio;Computer industry;Narrowband;Object recognition;Physical layer;Protocols;Sampling methods;Software radio;Cognitive Radio;GNU Radio;Spectral Sensing;USRP},
doi={10.1109/SAHCN.2007.4292880},}

@INPROCEEDINGS{5462112,
author={Chansu Yu and Tianning Shen and Shin, K.G. and Jeong-Yoon Lee and Young-Joo Suh},
booktitle={INFOCOM, 2010 Proceedings IEEE},
title={Multihop Transmission Opportunity in Wireless Multihop Networks},
year={2010},
month={March},
pages={1-9},
keywords={access protocols;radio networks;wireless LAN;802.11 radios;GNU radio-based experiment;MAC-layer overhead;USRP radio-based experiment;mobile social networks;multihop transmission opportunity;multirate adaptation mechanism;network protocol;wireless mesh networks;wireless multihop networks;wireless sensor networks;Bit rate;Computer networks;Mobile communication;Peer to peer computing;Protocols;Social network services;Spread spectrum communication;Telecommunication traffic;Wireless mesh networks;Wireless sensor networks},
doi={10.1109/INFCOM.2010.5462112},
ISSN={0743-166X},}

@INPROCEEDINGS{7141228,
author={Syed, A.R. and Yau, K.L.A. and Mohamad, H. and Ramli, N. and Hashim, W.},
booktitle={Frontiers of Communications, Networks and Applications (ICFCNA 2014 - Malaysia), International Conference on},
title={Channel selection in multi-hop cognitive radio network using reinforcement learning: An experimental study},
year={2014},
month={Nov},
pages={1-6},
keywords={cognitive radio;computer network security;learning (artificial intelligence);relay networks (telecommunication);video surveillance;wireless mesh networks;CR network context;GNU radio units;PU;RL;SU;USRP;artificial intelligence approach;channel selection;denial of service attacks;destination nodes;honest users;licensed users;malicious user activities;multihop cognitive radio network;network performance improvement;operating channel;primary users;radio spectrum;reinforcement learning;relay nodes;secondary users;source nodes;universal software radio peripheral;unlicensed users;video surveillance application;wireless applications;Cognitive radio;GNU radio;applied artificial intelligence;channel access;channel selection;dynamic spectrum access;multi-hop networks;opportunistic spectrum access;reinforcement learning (RL);universal software radio peripheral (USRP)},
doi={10.1049/cp.2014.1402},}

@INPROCEEDINGS{5508221,
author={Nagaraju, P.B. and Lei Ding and Melodia, T. and Batalama, S.N. and Pados, D.A. and Matyjas, J.D.},
booktitle={Sensor Mesh and Ad Hoc Communications and Networks (SECON), 2010 7th Annual IEEE Communications Society Conference on},
title={Implementation of a Distributed Joint Routing and Dynamic Spectrum Allocation Algorithm on USRP2 Radios},
year={2010},
month={June},
pages={1-2},
keywords={cognitive radio;decentralised control;interference suppression;software radio;telecommunication network routing;telecommunication traffic;USRP2 software-defined-radio platform;adaptive signal generation;cognitive ad hoc network;distributed joint routing;dynamic spectrum allocation algorithm;interference profile;interference-avoiding waveform selection;network topology;time-varying traffic demands;Ad hoc networks;Cognitive radio;Communication system traffic control;Distributed control;Heuristic algorithms;Interference;Network topology;Protocols;Routing;Software prototyping},
doi={10.1109/SECON.2010.5508221},}

@INPROCEEDINGS{6684374,
author={Arcia-Moret, A. and Pietrosemoli, E. and Zennaro, M.},
booktitle={Global Information Infrastructure Symposium, 2013},
title={WhispPi: White space monitoring with Raspberry Pi},
year={2013},
month={Oct},
pages={1-6},
keywords={calibration;spectral analysers;system-on-chip;television broadcasting;UHF TV spectrum;mobile measurement campaigns;raspberry Pi;rural communications;spectrum analyser;spectrum occupancy;white space monitoring;Cities and towns;Frequency measurement;Heating;Radio frequency;Sea measurements;TV;UHF measurements},
doi={10.1109/GIIS.2013.6684374},}

@INPROCEEDINGS{6826076,
author={Sutton, P.D. and Doyle, L.E.},
booktitle={Global Engineering Education Conference (EDUCON), 2014 IEEE},
title={The gamification of Dynamic Spectrum Access and cognitive radio},
year={2014},
month={April},
pages={107-113},
keywords={cognitive radio;radio receivers;radio transmitters;software radio;wireless channels;DARPA spectrum challenge;DSA;MANIAC challenge;cognitive radio;dynamic environment;dynamic spectrum access;gamification;high-speed mobile wireless data;iris framework;receiver;software radio;software-based radio systems;spectrum wars;transmitter;wireless connections;wireless telecommunications;Bandwidth;Dynamic spectrum access;Games;Iris;Iris recognition;Receivers;Wireless communication;cognitive radio;dynamic spectrum access;gamification;learning through action;open source platforms;software radio},
doi={10.1109/EDUCON.2014.6826076},}

@INPROCEEDINGS{6817817,
author={Sutton, P.D. and Doyle, L.E.},
booktitle={Dynamic Spectrum Access Networks (DYSPAN), 2014 IEEE International Symposium on},
title={Spectrum Wars Gamification of dynamic spectrum access and cognitive radio},
year={2014},
month={April},
pages={370-371},
keywords={cognitive radio;interference suppression;radio receivers;radio transmitters;software radio;synchronisation;Iris software radios;active transmissions;carrier frequency;cognitive radio;display node;dynamic spectrum access;gamification;graphical display;graphical interface;interactive dynamic spectrum access game;interference;interference avoidance strategies;power spectral density;receiver;scoring charts;spectrum access scenario;spectrum band;spectrum wars;synchronization;time-varying nature;transmitter;waterfall display;Bandwidth;Dynamic spectrum access;Games;Iris recognition;Radio transmitters;Receivers;Wireless communication},
doi={10.1109/DySPAN.2014.6817817},}

@INPROCEEDINGS{5457862,
author={Almasaeid, Hisham M. and Kamal, A.E.},
booktitle={New Frontiers in Dynamic Spectrum, 2010 IEEE Symposium on},
title={Receiver-Based Channel Allocation for Wireless Cognitive Radio Mesh Networks},
year={2010},
month={April},
pages={1-10},
keywords={channel allocation;cognitive radio;integer programming;linear programming;radio receivers;wireless mesh networks;heuristic solution;mixed integer linear program;receiver based channel allocation;signal-to-interference and noise-ratio;sporadic channel utilization;wireless cognitive radio mesh networks;Broadcasting;Channel allocation;Cognitive radio;Communication system control;Communications Society;Degradation;Frequency;Mesh networks;Throughput;Transceivers},
doi={10.1109/DYSPAN.2010.5457862},}

@INPROCEEDINGS{6392009,
author={Yang Guo and Tao Zhao and Jihua Zhou and Yuming Ge and Yi Sun},
booktitle={Computer and Information Technology (CIT), 2012 IEEE 12th International Conference on},
title={Research on Multi-channel MAC Protocol in Cognitive Mesh Network},
year={2012},
month={Oct},
pages={833-837},
keywords={channel estimation;cognitive radio;time division multiple access;wireless mesh networks;TDMA access mechanism;channel allocation;channel selection;cognitive mesh network;collision avoidance;distributed reservation;multichannel MAC protocol;reservation-based resource scheduling;Algorithm design and analysis;Channel allocation;Delay;Media Access Protocol;Mesh networks;Throughput;channel allocation;cognitive mesh;collision avoidance;distributed reservation},
doi={10.1109/CIT.2012.173},}

@ARTICLE{6112757,
author={Yong Ding and Li Xiao},
journal={Mobile Computing, IEEE Transactions on},
title={Video On-Demand Streaming in Cognitive Wireless Mesh Networks},
year={2013},
month={March},
volume={12},
number={3},
pages={412-423},
keywords={channel allocation;cognitive radio;multipath channels;quality of service;radio spectrum management;telecommunication network routing;video on demand;wireless mesh networks;bandwidth cost;centralized routing;channel allocation;cognitive radio;distributed routing;dynamic access;multiinterface cognitive wireless mesh network;multipath routing;multisource video on-demand;network capacity;quality of service;spectrum allocation;spectrum mobility;video on-demand streaming;Bandwidth;Cognitive radio;Resource management;Routing;Servers;Streaming media;Wireless mesh networks;Cognitive radio;routing;spectrum allocation;video streaming},
doi={10.1109/TMC.2011.273},}

@ARTICLE{6778761,
author={Yi Xu and Donglin Hu and Shiwen Mao},
journal={Circuits and Systems for Video Technology, IEEE Transactions on},
title={Relay-Assisted Multiuser Video Streaming in Cognitive Radio Networks},
year={2014},
month={Oct},
volume={24},
number={10},
pages={1758-1770},
keywords={cellular radio;cognitive radio;distributed algorithms;greedy algorithms;multiuser channels;precoding;relay networks (telecommunication);stochastic programming;telecommunication traffic;video coding;video streaming;cellular network;channel bonding;cognitive radio networks;computational complexity;convergence speed;downlink multiuser video streaming;encoded signals;greedy algorithm;heuristic schemes;licensed channels;optimal distributed algorithm;relay-assisted multiuser video streaming;stochastic programming formulation;wireless video traffic;zero-forcing precoding;Bonding;Relays;Sensors;Streaming media;Transmitters;Vectors;Wireless communication;Cognitive radio (CR);optimization;relay-enhanced cellular network;video streaming;zero forcing},
doi={10.1109/TCSVT.2014.2313898},}

@INPROCEEDINGS{6127507,
author={Hsieh-Chung Chen and Kung, H.T. and Vlah, D. and Hague, D. and Muccio, M. and Poland, B.},
booktitle={MILITARY COMMUNICATIONS CONFERENCE, 2011 - MILCOM 2011},
title={Collaborative compressive spectrum sensing in a UAV environment},
year={2011},
month={Nov},
pages={142-148},
keywords={autonomous aerial vehicles;cognitive radio;decoding;wireless channels;UAV environment;UAV flight;cognitive radio channel assignment;collaborative compressive spectrum sensing;compressive sensing decoding;conventional spectrum sensing;distributed compressive sensing;distributed spectrum sensing;high-power frequencies;multiple sensing nodes;network bandwidth;packet-loss traces;radiolocation;sensor;software-defined radios;wireless applications;Collaboration;Compressed sensing;Decoding;Sensors;Time measurement;Transmitters;Vectors},
doi={10.1109/MILCOM.2011.6127507},
ISSN={2155-7578},}

@INPROCEEDINGS{5457842,
author={Sydor, J. and Ghasemi, A. and Palaninathan, S. and Wong, W.},
booktitle={New Frontiers in Dynamic Spectrum, 2010 IEEE Symposium on},
title={Cognitive, Radio-Aware, Low-Cost (CORAL) Research Platform},
year={2010},
month={April},
pages={1-2},
keywords={cognitive radio;frequency allocation;CORAL;cochannel interference avoidance;cognitive radio aware low cost research platform;low cost wireless device;radio environment awareness;spectrum utilization;white space selection;Access protocols;Cognitive radio;Communications Society;Interchannel interference;Licenses;Radio control;Radio spectrum management;White spaces;Wireless networks;Wireless sensor networks},
doi={10.1109/DYSPAN.2010.5457842},}

@INPROCEEDINGS{7124942,
author={Kumar, P.V. and Malarvizhi, S. and Hariprasath, M.},
booktitle={Electronics and Communication Systems (ICECS), 2015 2nd International Conference on},
title={Low cost reception scheme for MIMO cognitive radio},
year={2015},
month={Feb},
pages={43-46},
keywords={MIMO communication;array signal processing;cognitive radio;computational complexity;optimisation;radio reception;radiofrequency interference;software radio;ASF scheme;MIMO cognitive radio;RF chain;antenna sub array formation scheme;beam forming signal processing technique;channel state information;computational complex process;low cost reception scheme;radio frequency chain;secondary user capacity;signal to interference ratio;software defined radio;Antenna arrays;Arrays;Cognitive radio;MIMO;Radio transmitters;Receiving antennas;Antenna Selection(AS);antenna subarray formation(ASF);beamforming;cognitiveradio(CR);multiple-input multiple-output(MIMO)},
doi={10.1109/ECS.2015.7124942},}

@INPROCEEDINGS{6654982,
author={Saeed, A. and Ibrahim, M. and Harras, K.A. and Youssef, M.},
booktitle={Communications (ICC), 2013 IEEE International Conference on},
title={A low-cost large-scale framework for cognitive radio routing protocols testing},
year={2013},
month={June},
pages={2900-2904},
keywords={access protocols;cognitive radio;mobility management (mobile radio);radio spectrum management;routing protocols;telecommunication network topology;wireless LAN;CRN;CogFrame;MAC layers;PHY layers;USRP2;Wi-Fi cards;cognitive radio networks;cognitive radio routing protocols testing;low-cost large-scale framework;mobility management;ns-2 simulations;regulatory authority policies;scarce radio frequency spectrum;topology management;Cognitive radio;IEEE 802.11 Standards;Media Access Protocol;Routing;Routing protocols;Switches},
doi={10.1109/ICC.2013.6654982},
ISSN={1550-3607},}

@ARTICLE{6421105,
author={Young, A.R. and Bostian, C.W.},
journal={Microwave Magazine, IEEE},
title={Simple and low-cost platforms for cognitive radio experiments [Application Notes]},
year={2013},
month={Jan},
volume={14},
number={1},
pages={146-157},
keywords={application specific integrated circuits;cognitive radio;software radio;ASIC;RF application specific integrated circuit;SDR portion;SDR subsystem;UAV;application notes;artificial intelligence;cognitive engine;cognitive radio experiments;educational purposes;low-cost platforms;radio controlled model-airplane-sized unmanned aerial vehicles;software defined radio;Cognitive radio;Computers;Frequency shift keying;Hardware;Radio frequency;Radiofrequency integrated circuits;Software radio},
doi={10.1109/MMM.2012.2226543},
ISSN={1527-3342},}

@INPROCEEDINGS{5784217,
author={Mate, A. and Kuo-Hao Lee and I-Tai Lu},
booktitle={Systems, Applications and Technology Conference (LISAT), 2011 IEEE Long Island},
title={Spectrum sensing based on time covariance matrix using GNU radio and USRP for cognitive radio},
year={2011},
month={May},
pages={1-6},
keywords={AWGN;cognitive radio;covariance matrices;eigenvalues and eigenfunctions;noise;public domain software;software radio;spectral analysis;AWGN;COV method;GNU radio;USRP;additive white Gaussian noise;cognitive radio;covariance method;energy detection;frequency spectrum utilization;licensed spectral band;maximum-to-minimum eigenvalue method;open source software toolkit;signal detection indicator;signal energy;software defined radio;spectrum scarcity;spectrum sensing;time correlation;time covariance matrix;time-covariance matrix;universal software radio peripheral;wireless communication;Correlation;Covariance matrix;Eigenvalues and eigenfunctions;Sensors;Signal to noise ratio;Software radio;Cognitive Radio;Covariance Method;Eigenvalue Based Method;Energy Detection;GNU Radio;Software Defined Radio;Spectrum Sensing;USRP},
doi={10.1109/LISAT.2011.5784217},}

@INPROCEEDINGS{6100954,
author={Schroeter, S. and Zimmermann, L. and Schwender, O. and Fischer, G. and Koelpin, A.},
booktitle={Telecom World (ITU WT), 2011 Technical Symposium at ITU},
title={Demonstrator of a scanning receiver subsystem for cognitive Professional Wireless Microphone Systems},
year={2011},
month={Oct},
pages={193-198},
keywords={cognitive radio;interference suppression;microphones;quality of service;radio links;radio receivers;radiofrequency interference;telecommunication network reliability;television;C-PMSE;ETSI;European Telecommunications Standard Institute;SCC;SCR;SCS;Specialist Task Force STF386;TV channel;cognitive PWMS;cognitive engine;cognitive professional wireless microphone system;cognitive programme making-special event;digital dividend;proactive cognitive radio system;quality of service;radio environment protection;radio link;scanning receiver;scanning receiver controller;scanning receiver subsystem;sound quality level;spectrum allocation;spectrum occupation;spectrum sensing capability;voice transmission;Bandwidth;Baseband;Microphones;Receivers;Telecommunication standards;Thyristors;Wireless communication},}

@INPROCEEDINGS{7119159,
author={Reyes, H. and Gellerman, N. and Kaabouch, N.},
booktitle={Aerospace Conference, 2015 IEEE},
title={A cognitive radio system for improving the reliability and security of UAS/UAV networks},
year={2015},
month={March},
pages={1-9},
keywords={aircraft communication;autonomous aerial vehicles;cognitive radio;frequency agility;jamming;radio links;telecommunication network reliability;telecommunication security;UAS-UAV network reliability improvement;UAS-UAV network security;aircraft wireless communication;cognitive radio system;data reception;frequency agile;link loss;radio spectrum;unmanned aerial system;unmanned aerial vehicles network;Jamming;Quality of service;Radio transmitters;Reliability;Resource management;Cognitive Radio;Jamming;Lost Link;Reliability;UAS;UAV;Wireless Communication},
doi={10.1109/AERO.2015.7119159},}

@INPROCEEDINGS{5700251,
author={Kung, H.T. and Chit-Kwan Lin and Tsung-Han Lin and Tarsa, S.J. and Vlah, D.},
booktitle={GLOBECOM Workshops (GC Wkshps), 2010 IEEE},
title={Measuring diversity on a low-altitude UAV in a ground-to-air wireless 802.11 mesh network},
year={2010},
month={Dec},
pages={1799-1804},
keywords={diversity reception;mobile radio;radio receivers;radio transmitters;remotely operated vehicles;wireless LAN;wireless mesh networks;ground-to-air wireless 802.11 mesh network;low-altitude UAV;packet reception;receiver diversity;receiver nodes;transmitter nodes;transmitter selection diversity;wireless channel},
doi={10.1109/GLOCOMW.2010.5700251},}

@INPROCEEDINGS{6127519,
author={Kung, H.T. and Tarsa, S.J.},
booktitle={MILITARY COMMUNICATIONS CONFERENCE, 2011 - MILCOM 2011},
title={Partitioned compressive sensing with neighbor-weighted decoding},
year={2011},
month={Nov},
pages={149-156},
keywords={compressed sensing;decoding;signal reconstruction;decoding speed;error-prone partitioned decoding;exact signal reconstruction;gained momentum;locally-weighted decoding;neighbor-weighted decoding;neighboring blocks;partitioned compressive sensing;scaling compressive sensing;signal processing;sparse representation;Bismuth;Compressed sensing;Decoding;Finite wordlength effects;Frequency measurement;Matching pursuit algorithms;Silicon},
doi={10.1109/MILCOM.2011.6127519},
ISSN={2155-7578},}

@INPROCEEDINGS{6880179,
author={Rui Yao and Kun He and Yanmei Sun and Youren Wang},
booktitle={Adaptive Hardware and Systems (AHS), 2014 NASA/ESA Conference on},
title={Learning engine for cognitive radio based on the immune principle},
year={2014},
month={July},
pages={210-217},
keywords={IEEE standards;artificial immune systems;case-based reasoning;cognitive radio;fuzzy set theory;knowledge based systems;learning (artificial intelligence);matrix algebra;telecommunication computing;wireless LAN;802.11a model;MATLAB;SIMULINK;case-based decision-making;cognitive radio;dissimilar matrix;fuzzy selection;genetic algorithm;immune principle;immune system;knowledge base decision making;learning engine;monkey-kings marrying mechanism;multicarrier system;multiobjective optimization;wireless communication system;Acceleration;Bit error rate;Engines;Immune system;Modulation;Sociology;Wireless communication;cognitive radio;fuzzy selection;immune principle;learning engine;monkey-king marrying mechanism},
doi={10.1109/AHS.2014.6880179},}

@INPROCEEDINGS{6842275,
author={Mahmoud, S. and Mohamed, N.},
booktitle={Unmanned Aircraft Systems (ICUAS), 2014 International Conference on},
title={Collaborative UAVs Cloud},
year={2014},
month={May},
pages={365-373},
keywords={autonomous aerial vehicles;cloud computing;control engineering computing;multi-robot systems;collaborative UAVs cloud;mobile cloud computing;mobile cloud services;unmanned aerial vehicles;Cameras;Cloud computing;Collaboration;Computational modeling;Mobile communication;Monitoring;Sensors;Cloud Computing;Collaborative UAVs;Mobile Cloud;Service-Oriented Architecture (SOA);UAVs},
doi={10.1109/ICUAS.2014.6842275},}

@INPROCEEDINGS{1168576,
author={Annaratone, Marco and Arnould, Emmanuel and Kung, H.T. and Menzilcioglu, O.},
booktitle={Acoustics, Speech, and Signal Processing, IEEE International Conference on ICASSP '86.},
title={Using warp as a supercomputer in signal processing},
year={1986},
month={Apr},
volume={11},
pages={2895-2898},
keywords={Array signal processing;Digital filters;Digital signal processing;Filtering;Large-scale systems;Signal processing;Signal processing algorithms;Singular value decomposition;Supercomputers;Systolic arrays},
doi={10.1109/ICASSP.1986.1168576},}

@INPROCEEDINGS{1300512,
author={Hsiao, Pai-Hsiang and Kung, H.T.},
booktitle={Parallel Architectures, Algorithms and Networks, 2004. Proceedings. 7th International Symposium on},
title={Gravity routing in ad hoc networks: integrating geographical and topology-based routing},
year={2004},
month={May},
pages={397-403},
keywords={ad hoc networks;network topology;routing protocols;AODV;DSR;GPSR;geographical routing;gravity routing;nonuniform ad hoc networks;packet forwarding;region-management-free method;routing protocol;topology-based routing;Ad hoc networks;Global Positioning System;Gravity;Heuristic algorithms;Intelligent networks;Network topology;Parallel architectures;Routing protocols;Uncertainty;Wireless communication},
doi={10.1109/ISPAN.2004.1300512},
ISSN={1087-4089},}


@INPROCEEDINGS{4067672,
author={Chen-Mou Cheng and Hsiao, Pai-Hsiang and Kung, H.T. and Vlah, D.},
booktitle={Computer Communications and Networks, 2006. ICCCN 2006. Proceedings.15th International Conference on},
title={Performance Measurement of 802.11a Wireless Links from UAV to Ground Nodes with Various Antenna Orientations},
year={2006},
month={Oct},
pages={303-308},
keywords={dipole antennas;radio links;remotely operated vehicles;wireless LAN;802.11a wireless links;antenna orientations;ground-station elevations;link-layer throughput;omnidirectional dipole antennas;received signal strength indicator;unmanned aerial vehicle;Antenna measurements;Antennas and propagation;Dipole antennas;Directive antennas;Government;Satellite ground stations;Testing;Throughput;Unmanned aerial vehicles;Wireless sensor networks},
doi={10.1109/ICCCN.2006.286291},
ISSN={1095-2055},}

@INPROCEEDINGS{6682689,
author={Youngjune Gwon and Dastangoo, S. and Fossa, C. and Kung, H.T.},
booktitle={Communications and Network Security (CNS), 2013 IEEE Conference on},
title={Competing Mobile Network Game: Embracing antijamming and jamming strategies with reinforcement learning},
year={2013},
month={Oct},
pages={28-36},
keywords={cognitive radio;interference suppression;jamming;learning (artificial intelligence);minimax techniques;mobile ad hoc networks;radio access networks;radio spectrum management;stochastic games;telecommunication computing;wireless channels;CMNG;Nash-Q learning technique;antijamming subgame strategy;centralized control;cognitive radio network;competing mobile network game;friend-or-foe Q-learning technique;jamming subgame strategy;minimax-Q learning technique;mobile ad hoc network;open spectrum access;optimal channel access strategy;reinforcement learning;stochastic game;Aerospace electronics;Cognitive radio;Games;Jamming;Mobile communication;Mobile computing;Radio frequency},
doi={10.1109/CNS.2013.6682689},}

@INPROCEEDINGS{6006004,
author={Chit-Kwan Lin and Kung, H.T. and Tsung-Han Lin and Tarsa, S.J. and Vlah, D.},
booktitle={Computer Communications and Networks (ICCCN), 2011 Proceedings of 20th International Conference on},
title={Achieving High Throughput Ground-to-UAV Transport via Parallel Links},
year={2011},
month={July},
pages={1-7},
keywords={aircraft communication;antennas;diversity reception;radio links;remotely operated vehicles;transport protocols;802.11 MAC;FlowCode;TCP;antenna beam diversity;distributed protocol;ground-to-UAV transport;link-layer solution;parallel link;parallel transmission effect;trace-modulated emulation;transport protocol;unmanned aerial vehicle;wireless data transfer;Antenna radiation patterns;Emulation;Encoding;Modulation;Protocols;Receivers;Wireless communication},
doi={10.1109/ICCCN.2011.6006004},
ISSN={1095-2055},}

@ARTICLE{6262501,
author={Yegui Cai and Yu, F.R. and Jun Li and Yifeng Zhou and Lamont, L.},
journal={Vehicular Technology, IEEE Transactions on},
title={Medium Access Control for Unmanned Aerial Vehicle (UAV) Ad-Hoc Networks With Full-Duplex Radios and Multipacket Reception Capability},
year={2013},
month={Jan},
volume={62},
number={1},
pages={390-394},
keywords={access protocols;ad hoc networks;autonomous aerial vehicles;interference suppression;mobile radio;optimisation;stochastic processes;CSI;MAC scheme;MPR;UAV;discrete stochastic optimization problem;full-duplex radio;high mobile environment;imperfect channel state information;interference cancellation;medium access control;multipacket reception capability;signal-processing technique;unmanned aerial vehicle ad-hoc networks;Ad hoc networks;Channel estimation;Delay;Interference;Optimization;Signal to noise ratio;Throughput;Full-duplex radio;media access control;multipacket reception (MPR);quality of service (QoS);unmanned aerial vehicles (UAVs)},
doi={10.1109/TVT.2012.2211905},
ISSN={0018-9545},}

@INPROCEEDINGS{7063642,
author={Sotheara, S. and Aomi, N. and Ando, T. and Liu Jiang and Shiratori, N. and Shimamoto, S.},
booktitle={Globecom Workshops (GC Wkshps), 2014},
title={Effective data gathering protocol in WSN-UAV employing priority-based contention window adjustment scheme},
year={2014},
month={Dec},
pages={1475-1480},
keywords={autonomous aerial vehicles;carrier sense multiple access;wireless sensor networks;COFS;CSMA-CA;PCWAS;POFS;UAV beacon signal;WSN-UAV;air-to-ground communication network;circularly-optimized frame selection scheme;collision minimization;communication link;data transmission;effective data gathering protocol;ground wireless sensor network;packet delivery ratio;packet loss;priority-based contention window adjustment scheme;priority-based optimized frame selection;relay sink;system throughput;time delay;transmission priority;transmission priority frame;unmanned aerial vehicle;Data communication;Multiaccess communication;Protocols;Sensors;Throughput;Wireless communication;Wireless sensor networks;Circularly Optimized Frame Selection (COFS);Medium Access Control (MAC);Priority-based Contention Window Adjustment Scheme (PCWAS);Priority-based Optimized Frame Selection (POFS);Unmanned Aerial Vehicle (UAV);Wireless Sensor Networks (WSN)},
doi={10.1109/GLOCOMW.2014.7063642},}

@INPROCEEDINGS{5235225,
author={Kung, H.T. and Vlah, D.},
booktitle={Computer Communications and Networks, 2009. ICCCN 2009. Proceedings of 18th Internatonal Conference on},
title={A Spectral Clustering Approach to Validating Sensors via Their Peers in Distributed Sensor Networks},
year={2009},
month={Aug},
pages={1-7},
keywords={peer-to-peer computing;wireless sensor networks;device status;distributed sensor networks;peer sensors;sensor validation method;spectral clustering approach;Antenna measurements;Batteries;Calibration;Degradation;Hardware;Instruments;Polarization;Protection;Sensor phenomena and characterization;Wireless sensor networks},
doi={10.1109/ICCCN.2009.5235225},
ISSN={1095-2055},}

@INPROCEEDINGS{6127586,
author={Carvalho, M. and Granados, A. and Arguedas, M. and Perez, C. and Muccio, M. and Suprenant, J. and Hague, D. and Poland, B.},
booktitle={MILITARY COMMUNICATIONS CONFERENCE, 2011 - MILCOM 2011},
title={The mLab-PENGWUN hybrid emulation environment for airborne networks},
year={2011},
month={Nov},
pages={1876-1881},
keywords={access protocols;mobile ad hoc networks;AFRL PENGWUN research;airborne networking protocols;data-driven statistical link;mLab-PENGWUN hybrid emulation environment;path loss;policy enforcement;specialized emulation environment;Ad hoc networks;Atmospheric modeling;Computational modeling;Data models;Emulation;IEEE 802.11 Standards;Predictive models;Airborne Networks;Airborne protocol design;PENGWUN;Statistical Link Modeling;Wireless Emulation;mLab},
doi={10.1109/MILCOM.2011.6127586},
ISSN={2155-7578},}

@INPROCEEDINGS{4086461,
author={Hague, D. and Kung, H.T. and Suter, B.},
booktitle={Military Communications Conference, 2006. MILCOM 2006. IEEE},
title={Field Experimentation of Cots-Based UAV Networking},
year={2006},
month={Oct},
pages={1-7},
keywords={aircraft communication;military communication;protocols;remotely operated vehicles;COTS-based UAV network;commercial off-the-shelf wireless equipment;field experimentation;link measurement data;network protocol;performance evaluation;unmanned aerial vehicle;Banking;Directive antennas;Interference;Laboratories;Protocols;Testing;Throughput;USA Councils;Unmanned aerial vehicles;Wireless LAN},
doi={10.1109/MILCOM.2006.302070},}

@ARTICLE{5506083,
author={Barrado, C. and Messeguer, R. and Lopez, J. and Pastor, E. and Santamaria, E. and Royo, P.},
journal={Pervasive Computing, IEEE},
title={Wildfire monitoring using a mixed air-ground mobile network},
year={2010},
month={October},
volume={9},
number={4},
pages={24-32},
keywords={Ad hoc networks;Aircraft;Costs;Fires;Global Positioning System;Humans;Land surface temperature;Monitoring;Temperature sensors;Vegetation mapping;UAS;Wi-Fi;firefighting;mobile ad hoc network;mobile applications;pervasive computing},
doi={10.1109/MPRV.2010.54},
ISSN={1536-1268},}

@INPROCEEDINGS{6799784,
author={Patibandla, S.T. and Bakker, T. and Klenke, R.H.},
booktitle={Connected Vehicles and Expo (ICCVE), 2013 International Conference on},
title={Initial evaluation of an IEEE 802.11s-based mobile ad-hoc network for collaborative Unmanned Aerial Vehicles},
year={2013},
month={Dec},
pages={145-150},
keywords={aerospace control;autonomous aerial vehicles;mobile ad hoc networks;wireless LAN;IEEE 802.11-based mobile ad-hoc network;IEEE 802.11s mesh network;UAV;UAV nodes;Virginia Commonwealth University UAV laboratory;collaborative UAV applications;collaborative unmanned aerial vehicles;flight control system;ground node;reconfigurable network architecture;self-configurable user-space application;Ad hoc networks;Collaboration;IEEE 802.11 Standards;Loss measurement;Modems;Protocols;Wireless communication;IEEE 802.11s;OpenWrt;UAV},
doi={10.1109/ICCVE.2013.6799784},}

@INPROCEEDINGS{7132971,
author={Guevara, K. and Rodriguez, M. and Gallo, N. and Velasco, G. and Vasudeva, K. and Guvenc, I.},
booktitle={SoutheastCon 2015},
title={UAV-based GSM network for public safety communications},
year={2015},
month={April},
pages={1-2},
keywords={autonomous aerial vehicles;cellular radio;emergency management;software radio;OpenBTS software;UAV-based GSM network;cellular network coverage;cellular network infrastructure;communications infrastructure;emergency communications;flying GSM base stations;natural disasters;public safety communications;search and rescue operations;terrorist attacks;universal software radio peripheral;unmanned aerial vehicle based software defined radio platform;Base stations;GSM;Prototypes;Relays;Software;Software radio;OpenBTS;SDR;UAV;USRP;quadcopter},
doi={10.1109/SECON.2015.7132971},}

@INPROCEEDINGS{904120,
author={Chuprun, S. and Bergstrom, C. and Fette, B.},
booktitle={MILCOM 2000. 21st Century Military Communications Conference Proceedings},
title={SDR strategies for information warfare and assurance},
year={2000},
month={},
volume={2},
pages={1219-1223 vol.2},
keywords={Internet;information systems;military communication;military computing;radio equipment;satellite communication;software architecture;telecommunication security;Ethernet LAN;HMI security;Internet;SDR nodes;UAV;adversarial network vulnerabilities;information assurance;information warfare;network centric warfare;network infrastructure;protection strategy;satcom information systems;software defined radio;system design;wired networks;wireless networks;Communication system security;Frequency synchronization;Information systems;Jamming;Local area networks;Military computing;Modems;Protection;Radio communication countermeasures;Unmanned aerial vehicles},
doi={10.1109/MILCOM.2000.904120},}

@INPROCEEDINGS{7129014,
author={Miko, G. and Nemeth, A.},
booktitle={Radioelektronika (RADIOELEKTRONIKA), 2015 25th International Conference},
title={SCFDM based communication system for UAV applications},
year={2015},
month={April},
pages={222-224},
keywords={MIMO communication;autonomous aerial vehicles;demodulation;field programmable gate arrays;frequency division multiple access;radionavigation;signal processing;software radio;space division multiple access;Analog Devices Inc;SCFDM based communication system;SDR chip;UAV applications;Xilinx FPGA;beamforming tasks;bidirectional data flow;data communication system;demodulation;high signal processing power;implementation phase;radio navigation;ranging;real-time modulation;small form factor MIMO capable hardware;software defined radio architecture;unmanned aerial vehicle applications;Demodulation;Field programmable gate arrays;Hardware;OFDM;Radio frequency;Timing;LTE;SCFDM;communication;digital;direction finding;uav},
doi={10.1109/RADIOELEK.2015.7129014},}

@INPROCEEDINGS{7002144,
author={Fokin, G. and Volgushev, D. and Kireev, A. and Bulanov, D. and Lavrukhin, V.},
booktitle={Ultra Modern Telecommunications and Control Systems and Workshops (ICUMT), 2014 6th International Congress on},
title={Designing the MIMO SDR-based LPD transceiver for long-range robot control applications},
year={2014},
month={Oct},
pages={456-461},
keywords={MIMO communication;UHF devices;performance evaluation;radio links;radio transceivers;robots;software radio;telecommunication computing;LPD band;MIMO SDR-based LPD transceiver design;Matlab simulation;SDR hardware;SISO system;SystemVue software;USRP B210 software defined radio;control point;distance 10 km;frequency 433 MHz;high precision Agilent hardware;link budget calculations;long-range robot control;low power devices;multipath propagation;multiple input multiple output Alamouti scheme;performance evaluation;radio link;single input single output system;system architecture;Bit error rate;Hardware;MIMO;Radio link;Receiving antennas;Software;Transceivers;433 MHz;LPD;MIMO 2∗2;Robot control;SDR},
doi={10.1109/ICUMT.2014.7002144},}

@INPROCEEDINGS{6811313,
author={Rakheja, N. and Bhatia, P. and Sevani, V. and Ribeiro, V.J.},
booktitle={Communications (NCC), 2014 Twentieth National Conference on},
title={ROSALNet: A spectrum aware TDMA mesh network for rural Internet connectivity},
year={2014},
month={Feb},
pages={1-6},
keywords={Internet;jitter;public domain software;radio spectrum management;time division multiple access;FRACTEL;ROSALNet;TV white spaces;TVWS;WiFi-based wireless networks;bit rate 11 Mbit/s;broadband Internet connectivity;commodity hardware;frequency 2.4 GHz;low jitter;low-latency;open-source OpenWrt operating system;rural Internet connectivity;signal propagation;single mesh node;spectrum aware TDMA mesh network;spectrum sensing;terrestrial TV bands;triple play services;white space database;Availability;Databases;Hardware;IEEE 802.11 Standards;Sensors;TV;White spaces;Cognitive Radio;Dynamic Spectrum Access;Opportunistic Spectrum Sharing;Rural Broadband;Spectrum Sensing;TV white spaces},
doi={10.1109/NCC.2014.6811313},}

@ARTICLE{5560594,
author={Newman, T.R. and Shajedul Hasan, S.M. and DePoy, D. and Bose, T. and Reed, J.H.},
journal={Communications Magazine, IEEE},
title={Designing and deploying a building-wide cognitive radio network testbed},
year={2010},
month={Sept},
volume={48},
number={9},
pages={106-112},
keywords={cognitive radio;software radio;testing;building wide cognitive radio network testbed;next generation communication system;software defined radio;wireless communication technology;Buildings;Cognitive radio;Hardware;Radio frequency;Software;Wireless communication},
doi={10.1109/MCOM.2010.5560594},
ISSN={0163-6804},}

@INPROCEEDINGS{6817820,
author={Soltani, S. and Sagduyu, Y.E. and Li, J.H. and Feldman, J. and Matyjas, J.},
booktitle={Dynamic Spectrum Access Networks (DYSPAN), 2014 IEEE International Symposium on},
title={Demonstration of plug-and-play cognitive radio network emulation testbed},
year={2014},
month={April},
pages={376-377},
keywords={channel estimation;cognitive radio;graphical user interfaces;mobility management (mobile radio);radio spectrum management;routing protocols;software radio;telecommunication computing;telecommunication congestion control;telecommunication network topology;telecommunication traffic;CREATE-NEST;RF interferers;SDR;USRP N210 radios;channel estimation;channel selection;cognitive radio networking architecture;cognitive radio performance;cognitive radio system;congestion avoidance;cross-layer design functionalities;distributed network architecture;dynamic spectrum access;frequency bands;full network protocol stack;interactive GUI;local neighborhood discovery;mobility scenarios;multiple hops;network emulator simulator testbed;plug-and-play cognitive radio network emulation testbed demonstration;primary users;route traffic;scalable network architecture;software-defined radios;spectrum sensing;topology scenarios;Channel estimation;Cognitive radio;Emulation;Graphical user interfaces;Protocols;Radio frequency;Throughput;Demonstration;GNU Radio;USRP;cognitive radio network;implementation;software-defined radio;testbed},
doi={10.1109/DySPAN.2014.6817820},}

@INPROCEEDINGS{6817820,
author={Soltani, S. and Sagduyu, Y.E. and Li, J.H. and Feldman, J. and Matyjas, J.},
booktitle={Dynamic Spectrum Access Networks (DYSPAN), 2014 IEEE International Symposium on},
title={Demonstration of plug-and-play cognitive radio network emulation testbed},
year={2014},
month={April},
pages={376-377},
keywords={channel estimation;cognitive radio;graphical user interfaces;mobility management (mobile radio);radio spectrum management;routing protocols;software radio;telecommunication computing;telecommunication congestion control;telecommunication network topology;telecommunication traffic;CREATE-NEST;RF interferers;SDR;USRP N210 radios;channel estimation;channel selection;cognitive radio networking architecture;cognitive radio performance;cognitive radio system;congestion avoidance;cross-layer design functionalities;distributed network architecture;dynamic spectrum access;frequency bands;full network protocol stack;interactive GUI;local neighborhood discovery;mobility scenarios;multiple hops;network emulator simulator testbed;plug-and-play cognitive radio network emulation testbed demonstration;primary users;route traffic;scalable network architecture;software-defined radios;spectrum sensing;topology scenarios;Channel estimation;Cognitive radio;Emulation;Graphical user interfaces;Protocols;Radio frequency;Throughput;Demonstration;GNU Radio;USRP;cognitive radio network;implementation;software-defined radio;testbed},
doi={10.1109/DySPAN.2014.6817820},}

@INPROCEEDINGS{5434169,
author={Hanwen Cao and Konig, C. and Wilzeck, A. and Perez Guirao, M.-D.},
booktitle={Radio and Wireless Symposium (RWS), 2010 IEEE},
title={Cognitive Agile Networking testbed},
year={2010},
month={Jan},
pages={296-299},
keywords={cognitive radio;telecommunication network reliability;cognitive agile networking testbed;cognitive agile spectrum testbed;cognitive radio approach;communication reliability;robust low-latency communications;spectral agility;spectral regulations;spectrum enhancement;spectrum sensing;Cognition;Cognitive radio;Communication industry;Delay;Frequency;Robustness;Safety;Telecommunication network reliability;Testing;Wireless communication;Cognitive Radio;Spectral Agility;Spectrum Sensing;Testbed},
doi={10.1109/RWS.2010.5434169},}

@INPROCEEDINGS{5683324,
author={Shen Gu and Pengchao Xu and Xinbing Wang and Xiaoying Gan and Hui Yu},
booktitle={Global Telecommunications Conference (GLOBECOM 2010), 2010 IEEE},
title={A Real Time Testbed for the Evaluation of Cognitive Radio MAC},
year={2010},
month={Dec},
pages={1-5},
keywords={access protocols;cognitive radio;field programmable gate arrays;radio transceivers;software radio;system-on-chip;FPGA;MAC algorithm;cognitive radio;programmable RF transceiver;programmable processors;real time testbed;software defined radio;system-on-chip;wireless communication;Access control;Cognitive radio;Interference;Program processors;Real time systems;Sensors;Vehicle dynamics},
doi={10.1109/GLOCOM.2010.5683324},
ISSN={1930-529X},}

@INPROCEEDINGS{5752912,
author={Zhe Chen and Nan Guo and Qiu, R.C.},
booktitle={Southeastcon, 2011 Proceedings of IEEE},
title={Building a cognitive radio network testbed},
year={2011},
month={March},
pages={91-96},
keywords={cognitive radio;protocols;authentic real-time cognitive radio system;cognitive radio network testbed;commercial off-the-shelf hardware platforms;protocols;scarce radio frequency spectrum;Cognitive radio;Computer architecture;Computers;Ethernet networks;Field programmable gate arrays;Hardware;Radio frequency},
doi={10.1109/SECON.2011.5752912},
ISSN={1091-0050},}


@INPROCEEDINGS{6564779,
author={Sahingoz, O.K.},
booktitle={Unmanned Aircraft Systems (ICUAS), 2013 International Conference on},
title={Mobile networking with UAVs: Opportunities and challenges},
year={2013},
month={May},
pages={933-941},
keywords={autonomous aerial vehicles;mobile robots;multi-robot systems;vehicular ad hoc networks;MANET;VANET;inter vehicle communication;intravehicle communication;mobile ad-hoc network;mobile networking technology;swarm UAV team;unmanned aerial vehicle;vehicular ad-hoc network;Ad hoc networks;Mobile computing;Mobile nodes;Routing;Routing protocols;Vehicles;MANET;Mobility;Networking;UAV;VANET},
doi={10.1109/ICUAS.2013.6564779},}

@INPROCEEDINGS{4225050,
author={Chen-Mou Cheng and Hsiao, Pai-Hsiang and Kung, H.T. and Vlah, D.},
booktitle={Wireless Communications and Networking Conference, 2007.WCNC 2007. IEEE},
title={Maximizing Throughput of UAV-Relaying Networks with the Load-Carry-and-Deliver Paradigm},
year={2007},
month={March},
pages={4417-4424},
keywords={IEEE standards;radio links;remotely operated vehicles;IEEE 802.11g devices;UAV-relaying networks;destination ground node;distant ground nodes;load-carry-and-deliver paradigm;source ground node;statistical model;unmanned aerial vehicles;Communication system control;Communications Society;Delay;Government;Interference;Peer to peer computing;Relays;Throughput;Unmanned aerial vehicles;Wireless LAN},
doi={10.1109/WCNC.2007.805},
ISSN={1525-3511},}

@INPROCEEDINGS{6712555,
author={Heller, C. and Blumm, C.},
booktitle={Digital Avionics Systems Conference (DASC), 2013 IEEE/AIAA 32nd},
title={A cognitive radio enabled wireless aircraft cabin management system},
year={2013},
month={Oct},
pages={3A4-1-3A4-13},
keywords={aircraft communication;cognitive radio;decision making;radio spectrum management;radiofrequency interference;signal detection;software radio;ISM band;cognitive radio enabled wireless aircraft cabin management system;communication functions;controlled interference;decision making;demonstrator setup;frequency 2.4 GHz;interfering signals;policy enforcement;software defined radio platform;spectrum sensing;Aircraft;Bandwidth;Cognitive radio;OFDM;Sensors;Wireless sensor networks},
doi={10.1109/DASC.2013.6712555},
ISSN={2155-7195},}

@INPROCEEDINGS{5984947,
author={Pejovic, V. and Belding, E.M.},
booktitle={Sensor, Mesh and Ad Hoc Communications and Networks (SECON), 2011 8th Annual IEEE Communications Society Conference on},
title={A context-aware approach to wireless transmission adaptation},
year={2011},
pages={592-600},
keywords={radiocommunication;resource allocation;GNUradio;WhiteRate;context-aware approach;energy savings;flexible wireless system;packet loss ratio;physical layer parameter adaptation;resource allocation;spectrum utilization;wireless transmission;Bit rate;Encoding;Modulation;OFDM;Power demand;Protocols;Wireless communication},
doi={10.1109/SAHCN.2011.5984947},
ISSN={2155-5486},
month={June},}

@INPROCEEDINGS{5462039,
author={Chai, E. and Shin, K.G.},
booktitle={INFOCOM, 2010 Proceedings IEEE},
title={M-Polar: Channel Allocation for Throughput Maximization in SDR Mesh Networks},
year={2010},
pages={1-9},
keywords={access protocols;channel allocation;software radio;wireless mesh networks;M-Polar;SDR wireless mesh networks;USRP;channel allocation;channel diversity;commercially-available RF devices;contiguous channels;contiguous channels protocol;multi-radio-multi-channel assignment schemes;neighboring nodes;single channel per radio interface;software-defined radios;throughput maximization;Bandwidth;Channel allocation;Communication switching;Communications Society;Interference;Mesh networks;Peer to peer computing;Protocols;Switches;Throughput},
doi={10.1109/INFCOM.2010.5462039},
ISSN={0743-166X},
month={March},}


@INPROCEEDINGS{6686523, 
	author={Khalife, H. and Seddar, J. and Conan, V. and Leguay, J.}, 
	booktitle={Wireless Days (WD), 2013 IFIP}, 
	title={Validation of a point to multipoint cognitive radio transport protocol over GNU radio testbed}, 
	year={2013}, 
	pages={1-6}, 
	keywords={cognitive radio;interference (signal);software radio;telecommunication congestion control;telecommunication network reliability;transport protocols;GNU radio testbed;TCP protocol;channel switching;congestion control;interference;point to multipoint cognitive radio;reliability;software defined based platform;transport protocol;Cognitive radio;Receivers;Reliability;Software;Throughput;Transport protocols}, 
	doi={10.1109/WD.2013.6686523}, 
	ISSN={2156-9711}, 
	month={Nov},}


		@INPROCEEDINGS{6983150, 
			author={Kamruzzaman, S.M. and Alghamdi, A. and Mizanur Rahman, S.M.}, 
			booktitle={Information and Communication Technology Convergence (ICTC), 2014 International Conference on}, 
			title={Spectrum and energy aware multipath routing for cognitive radio ad hoc networks}, 
			year={2014}, 
			pages={341-346}, 
			keywords={ad hoc networks;cognitive radio;multipath channels;telecommunication network reliability;telecommunication network routing;telecommunication power management;cognitive radio ad hoc networks;energy aware multipath routing;energy-constraint cognitive radio networks;licensed primary user;mobile CRAN;robust routing scheme;spectrum allocation;spectrum aware multipath routing;Delays;Energy efficiency;Interference;Routing;Routing protocols;Throughput;CR user;Spectrum;ad hoc networks;cognitive radio;energy-aware;multipath routing;primary user}, 
			doi={10.1109/ICTC.2014.6983150}, 
			month={Oct},}

@INPROCEEDINGS{6730802, 
	author={Li Sun and Wei Zheng and Rawat, N. and Sawant, V. and Koutsonikolas, D.}, 
	booktitle={Modeling, Analysis Simulation of Computer and Telecommunication Systems (MASCOTS), 2013 IEEE 21st International Symposium on}, 
	title={Performance Comparison of Routing Protocols for Cognitive Radio Networks}, 
	year={2013}, 
	pages={454-464}, 
	keywords={cognitive radio;routing protocols;CRN routing protocols;USRP2 platform;cognitive radio networks;generic software architecture;Availability;Measurement;Routing;Routing protocols;Sensors;Throughput;USRP;cognitive radio networks;performance comparison;simulation;testbed}, 
	doi={10.1109/MASCOTS.2013.67}, 
	ISSN={1526-7539}, 
	month={Aug},}
@INPROCEEDINGS{5062176, 
	author={Chowdhury, K.R. and Di Felice, M. and Akyildiz, I.F.}, 
	booktitle={INFOCOM 2009, IEEE}, 
	title={TP-CRAHN: a Transport Protocol for Cognitive Radio Ad-Hoc Networks}, 
	year={2009}, 
	pages={2482-2490}, 
	keywords={ad hoc networks;channel estimation;cognitive radio;mobile radio;transport protocols;TCP rate control algorithm;TP-CRAHN;buffer management;channel information;cognitive radio ad-hoc network;link layer function;predictive mobility framework;spectrum sensing;transport protocol;wireless ad-hoc network;Ad hoc networks;Chromium;Cognitive radio;Communications Society;Computer network reliability;Computer science;Peer to peer computing;Transport protocols;USA Councils;Wireless sensor networks}, 
	doi={10.1109/INFCOM.2009.5062176}, 
	ISSN={0743-166X}, 
	month={April},}

@ARTICLE{5738222, 
	author={Chowdhury, K.R. and Akyildiz, I.F.}, 
	journal={Selected Areas in Communications, IEEE Journal on}, 
	title={CRP: A Routing Protocol for Cognitive Radio Ad Hoc Networks}, 
	year={2011}, 
	volume={29}, 
	number={4}, 
	pages={794-804}, 
	keywords={ad hoc networks;cognitive radio;routing protocols;ad hoc network;cognitive radio;licensed frequency band;primary user;routing protocol;spectrum utilization;Availability;Bandwidth;Interference;Receivers;Routing protocols;Sensors;Transmitters;Ad Hoc Networks;Cognitive Radio;Optimization;Routing;Spectrum}, 
	doi={10.1109/JSAC.2011.110411}, 
	ISSN={0733-8716}, 
	month={April},}

@INPROCEEDINGS{6504070, 
	author={Al-Ali, A.K. and Chowdhury, K.}, 
	booktitle={Computing, Networking and Communications (ICNC), 2013 International Conference on}, 
	title={TFRC-CR: An equation-based transport protocol for cognitive radio networks}, 
	year={2013}, 
	pages={143-148}, 
	keywords={cognitive radio;transport protocols;FCC mandated spectrum database information;TCP friendly rate control protocol;TFRC-CR;cognitive radio networks;equation-based transport protocol;intermediate nodes;ns-2 simulator;transmission rate;Bandwidth;Databases;Interference;Switches;Throughput;Transport protocols}, 
	doi={10.1109/ICCNC.2013.6504070}, 
	month={Jan},}

@ELECTRONIC{0001,
 author = {},
 title = {CONFINE Project},
 year = 2015,
 url = {http://confine-project.eu/},
 urldate = {2016-01-31}
}

@INPROCEEDINGS{6686492, 
	author={Escrich, P. and Baig, R. and Neumann, A. and Fonseca, A. and Freitag, F. and Navarro, L.}, 
	booktitle={Wireless Days (WD), 2013 IFIP}, 
	title={Wibed, a platform for commodity wireless testbeds}, 
	year={2013}, 
	pages={1-3}, 
	keywords={computer network management;telecommunication network routing;wireless LAN;wireless mesh networks;UPC-A6 testbed;Wibed;commodity IEEE 802.11 router;commodity wireless testbed;community-lab testbed;data collection;fault tolerance;production environment;wireless mesh network;Communities;Computer architecture;Internet;Mesh networks;Software;Standards;Wireless communication;COTS IEEE802.11 routers;community networks;mesh networks;wireless testbed}, 
	doi={10.1109/WD.2013.6686492}, 
	ISSN={2156-9711}, 
	month={Nov},}

@INPROCEEDINGS{6962154, 
	author={Escrich, P. and Baig, R. and Dimogerontakis, E. and Carbo, E. and Neumann, A. and Fonseca, A. and Freitag, F. and Navarro, L.}, 
	booktitle={Wireless and Mobile Computing, Networking and Communications (WiMob), 2014 IEEE 10th International Conference on}, 
	title={WiBed, a platform for commodity wireless testbeds}, 
	year={2014}, 
	pages={85-91}, 
	keywords={Linux;telecommunication network routing;testing;wireless LAN;Community-lab.net project;FOSS platform;IEEE 802.11 WiFi router;OpenWRT Linux;WiBed;WiFi testbed;commodity wireless testbed;community network;production environment;Communities;Educational institutions;Hardware;IEEE 802.11 Standards;Linux;Wireless communication;COTS IEEE802.11 routers;community networks;mesh networks;wireless testbed}, 
	doi={10.1109/WiMOB.2014.6962154}, 
	month={Oct},}


@INPROCEEDINGS{7071706, 
	author={Murphy, P. and Sabharwal, A. and Aazhang, B.}, 
	booktitle={Signal Processing Conference, 2006 14th European}, 
	title={Design of WARP: A wireless open-access research platform}, 
	year={2006}, 
	pages={1-5}, 
	keywords={OFDM modulation;field programmable gate arrays;radio networks;FPGA implementations;I/O interfaces;WARP design;academic researchers;advanced wireless algorithms;custom hardware;custom platform;flexible OFDM physical layer;hardware specifications;key communications blocks;processing boards;wideband radios;wireless open access research platform;wireless research;Algorithm design and analysis;Field programmable gate arrays;Hardware;OFDM;Signal processing algorithms;Transceivers;Wireless communication}, 
	ISSN={2219-5491}, 
	month={Sept},}


@INPROCEEDINGS{4212821, 
	author={Mandke, K. and Soon-Hyeok Choi and Gibeom Kim and Grant, R. and Daniels, R.C. and Wonsoo Kim and Heath, R.W. and Nettles, S.M.}, 
	booktitle={Vehicular Technology Conference, 2007. VTC2007-Spring. IEEE 65th}, 
	title={Early Results on Hydra: A Flexible MAC/PHY Multihop Testbed}, 
	year={2007}, 
	pages={1896-1900}, 
	keywords={radio networks;telecommunication network routing;C++;Click modular router;GNU radio;Hydra;MIMO;OFDM;flexible MAC-PHY multihop testbed;flexible RF front-end;flexible wireless network testbed;multiple wireless hops;Cross layer design;MIMO;OFDM;Physical layer;Protocols;Prototypes;Software prototyping;Testing;Virtual prototyping;Wireless networks}, 
	doi={10.1109/VETECS.2007.393}, 
	ISSN={1550-2252}, 
	month={April},}

@INPROCEEDINGS{0002,
	author={Jawad Seddar and Hicham Khalife and Vania Conan and  Jeremie Leguay},
	year={},
	booktitle={8th Karlsruhe Workshop on Software Radios},
	title={A DTN Stack for Cognitive Radio Ad Hoc
	Networks},
	}

@INPROCEEDINGS{4753441, 
	author={Xiaolong Li and Weihong Hu and Yousefi'zadeh, H. and Qureshi, A.}, 
	booktitle={Military Communications Conference, 2008. MILCOM 2008. IEEE}, 
	title={A case study of a MIMO SDR implementation}, 
	year={2008}, 
	pages={1-7}, 
	keywords={Linux;MIMO communication;ad hoc networks;software radio;transport protocols;Linux operating system;MIMO SDR implementation;RF frontend processing;TAP/TUN driver;TCP/IP stack;baseband processing;operational mobile ad-hoc networks;software defined radio;Ad hoc networks;Baseband;Contracts;Linux;MIMO;Mobile ad hoc networks;Operating systems;Physical layer;Radio frequency;Software radio;AUDIO;Click Router Module;FTP;GNU Radio;HTTP;MAC;MIMO;PHY;Software Defined Radio;USRP}, 
	doi={10.1109/MILCOM.2008.4753441}, 
	month={Nov},}

@INPROCEEDINGS{4286321, 
	author={Troxel, G.D. and Blossom, Eric and Boswell, Steve and Caro, Armando and Castineyra, I. and Colvin, Alex and Dreier, Tad and Evans, Joseph B. and Goffee, N. and Haigh, K.Z. and Hussain, Talib and Kawadia, V. and Lapsley, David and Livadas, Carl and Medina, Alberto and Mikkelson, Joanne and Minden, Gary J. and Morris, R. and Partridge, C. and Raghunathan, Vivek and Ramanathan, Ram and Santivanez, Cesar and Schmid, Thomas and Sumorok, Dan and Srivastava, M. and Vincent, Robert S. and Wiggins, D. and Wyglinski, Alexander M. and Zahedi, Sadaf}, 
	booktitle={Networking Technologies for Software Defined Radio Networks, 2006. SDR '06.1st IEEE Workshop on}, 
	title={Adaptive Dynamic Radio Open-source Intelligent Team (ADROIT): Cognitively-controlled Collaboration among SDR Nodes}, 
	year={2006}, 
	pages={8-17}, 
	keywords={Application software;Cognition;Cognitive radio;Collaboration;Data communication;Open source software;Paper technology;Programmable control;Radio control;Radio spectrum management}, 
	doi={10.1109/SDR.2006.4286321}, 
	month={Sept},}

@INPROCEEDINGS{6115569, 
	author={Seither, D. and Konig, A. and Hollick, M.}, 
	booktitle={Local Computer Networks (LCN), 2011 IEEE 36th Conference on}, 
	title={Routing performance of Wireless Mesh Networks: A practical evaluation of BATMAN advanced}, 
	year={2011}, 
	pages={897-904}, 
	keywords={routing protocols;wireless mesh networks;AODV protocol;BATMAN Advanced protocol;realistic office environment;routing performance;wireless mesh networks;Ad hoc networks;Buildings;Measurement;Routing;Routing protocols;Throughput;AODV;BATMAN;WMN;mesh;performance evaluation;testbed}, 
	doi={10.1109/LCN.2011.6115569}, 
	ISSN={0742-1303}, 
	month={Oct},}

@INPROCEEDINGS{1400381, 
	author={Denning, D. and Irvine, J. and Harold, N. and Dunn, P. and Devlin, M.}, 
	booktitle={Vehicular Technology Conference, 2004. VTC2004-Fall. 2004 IEEE 60th}, 
	title={An implementation of a gigabit Ethernet AES encryption engine for application processing in SDR}, 
	year={2004}, 
	volume={3}, 
	pages={1963-1967 Vol. 3}, 
	keywords={cryptography;field programmable gate arrays;local area networks;software radio;telecommunication security;1 Gbit/s;Advanced Encryption Standard;DSP;FPGA;SDR base station systems;application processing;data processing;digital signal processors;field programmable gate arrays;gigabit Ethernet AES encryption engine;industrial scalable architecture;secure information;software-defined radio;Application software;Computer architecture;Cryptography;Digital signal processing;Digital signal processors;Engines;Ethernet networks;Field programmable gate arrays;Hardware;Logic devices}, 
	doi={10.1109/VETECF.2004.1400381}, 
	ISSN={1090-3038}, 
	month={Sept},}

@INPROCEEDINGS{1285401, 
	author={Chih Fung Lam and Sakaguchi, K. and Takada, J.-i. and Araki, K.}, 
	booktitle={Vehicular Technology Conference, 2003. VTC 2003-Fall. 2003 IEEE 58th}, 
	title={Radio security module that enables global roaming of SDR terminal while complying with local radio regulation}, 
	year={2003}, 
	volume={3}, 
	pages={2132-2136 Vol.3}, 
	keywords={certification;cryptography;mobile radio;software metrics;software radio;telecommunication computing;telecommunication security;GPS verification;SDR security architecture;Telecommunication Certification Body;global roaming;hybrid encryption;local radio regulation;radio equipment certification method;radio security module;software defined radio terminal;software distribution;system software;Certification;Communication system control;Computer architecture;Cryptography;Global Positioning System;Microcomputers;Radio frequency;Security;Software radio;System software}, 
	doi={10.1109/VETECF.2003.1285401}, 
	ISSN={1090-3038}, 
	month={Oct},}

@INPROCEEDINGS{6694489, 
	author={Hillmann, P. and Stelte, B.}, 
	booktitle={Military Communications and Information Systems Conference (MilCIS), 2013}, 
	title={A flexible cryptographic infrastructure for high-security SDR-based systems}, 
	year={2013}, 
	pages={1-6}, 
	keywords={cryptography;military communication;military computing;software radio;telecommunication security;JPEO SCA;Joint Program Executive Office;SDR device;Software Communication Architecture;coalition wideband;component life cycle;cryptographic mechanisms;cryptographically signed software;flexible cryptographic infrastructure;high secure SDR deployment;high-security SDR-based systems;key cyclic update;military SDR system;military software defined radio;network-centric operation;radio applications;radio communications;radio device;real time operating platform software;secure booting;security level;software life cycle security;software-based systems;trunked radio system;Authentication;Containers;Encryption;Materials;Software;SDR;key distribution;network management;security infrastructure;software defined radio}, 
	doi={10.1109/MilCIS.2013.6694489}, 
	month={Nov},}

@INPROCEEDINGS{6846075, 
	author={Le The Dung and Beongku An}, 
	booktitle={IEEE APCC}, 
	title={Real-world performance of current proactive multi-hop mesh protocols}, 
	year={2009}, 
	pages={1087-1090}, 
	keywords={ad hoc networks;cognitive radio;CRAHN;cognitive radio ad-hoc networks;final closed-form model;licensed channels;network connectivity;node density;spectrum heterogeneity;Ad hoc networks;Analytical models;Cognitive radio;Mathematical model;Routing;Wireless networks;ad-hoc wireless networks;cognitive radio networks;geometric probability approach;network connectivity}, 
	doi={10.1109/IS3C.2014.283}, 
	month={June},}

@INPROCEEDINGS{5375690, 
author={M. Abolhasan and B. Hagelstein and J. C. P. Wang}, 
booktitle={Communications, 2009. APCC 2009. 15th Asia-Pacific Conference on}, 
title={Real-world performance of current proactive multi-hop mesh protocols}, 
year={2009}, 
pages={44-47}, 
keywords={ad hoc networks;mobile radio;routing protocols;ad hoc network protocols;mesh proliferation;mesh routing protocols;mobile ad hoc network;multihop mesh protocols;optimised link state routing;protocol standardisation;real world performance;Ad hoc networks;Bandwidth;Convergence;Costs;Delay;Mesh networks;Open source software;Routing protocols;Standards development;Testing}, 
doi={10.1109/APCC.2009.5375690}, 
month={Oct},}

@INPROCEEDINGS{6908725, 
author={M. Eslami and O. Karimi and T. Khodadadi}, 
booktitle={Control and System Graduate Research Colloquium (ICSGRC), 2014 IEEE 5th}, 
title={A survey on wireless mesh networks: Architecture, specifications and challenges}, 
year={2014}, 
pages={219-222}, 
keywords={Internet;broadband networks;metropolitan area networks;wireless mesh networks;WMN;broadband Internet access services;client meshing backbone;metropolitan area networks;wireless mesh networks;Ad hoc networks;Internet;Peer-to-peer computing;Reliability;Routing;Wireless communication;Wireless mesh networks;Internet Gateway;Mesh Gateway;Mesh Routers;Wireless Mesh Network}, 
doi={10.1109/ICSGRC.2014.6908725}, 
month={Aug},}

@ARTICLE{4796928, 
author={L. Junhai and Y. Danxia and X. Liu and F. Mingyu}, 
journal={IEEE Communications Surveys Tutorials}, 
title={A survey of multicast routing protocols for mobile Ad-Hoc networks}, 
year={2009}, 
volume={11}, 
number={1}, 
pages={78-91}, 
keywords={ad hoc networks;mobile radio;multicast protocols;radio links;routing protocols;application dependence;application independence;bandwidth constraint;host mobility;mobile ad hoc networks;mobile nodes;multicast routing protocols;radio links;Ad hoc networks;Mobile ad hoc networks;Mobile communication;Multicast protocols;Peer to peer computing;Power system modeling;Quality of service;Routing protocols;Wireless communication;Wireless networks;Mobile ad-hoc network (MANET), mobile agent (MA), mobile node (MN), multicast routing protocol, quality of service (QoS), routing table (RT), survey}, 
doi={10.1109/SURV.2009.090107}, 
ISSN={1553-877X}, 
month={First},}

@ARTICLE{5771952, 
author={S. M. Cheng and P. Y. Chen and K. C. Chen}, 
journal={IEEE Communications Letters}, 
title={Ecology of Cognitive Radio Ad Hoc Networks}, 
year={2011}, 
volume={15}, 
number={7}, 
pages={764-766}, 
keywords={ad hoc networks;cognitive radio;evolutionary computation;game theory;radio networks;cognitive radio ad hoc networks;cognitive radio networks;evolutionary game modeling;primary users;secondary users;Ad hoc networks;Cognitive radio;Environmental factors;Games;Interference;Receivers;Sensors;cognitive radio;ecology;evolutionary game;misbehavior;selfish behavior}, 
doi={10.1109/LCOMM.2011.051011.110359}, 
ISSN={1089-7798}, 
month={July},}

@INPROCEEDINGS{6527405, 
author={M. T. Zia and F. F. Qureshi and S. S. Shah}, 
booktitle={Computer Modelling and Simulation (UKSim), 2013 UKSim 15th International Conference on}, 
title={Energy Efficient Cognitive Radio MAC Protocols for Adhoc Network: A Survey}, 
year={2013}, 
pages={140-143}, 
keywords={access protocols;ad hoc networks;cognitive radio;energy conservation;wireless channels;CR;CRAN;MAC protocol;PU;SU;adhoc communication structure;adhoc network;energy efficient cognitive radio;free licensed band;frequency spectrum allocation;licensed spectrum;media access control protocol;opportunistically acquiring radio channel technique;primary user;radio band availability;secondary user;Cognitive radio;Energy efficiency;Media Access Protocol;Quality of service;Sensors;Time division multiple access;Adhoc Network;Cognitive Radio;MAC Protocol;Multi-channel}, 
doi={10.1109/UKSim.2013.96}, 
month={April},}

@INPROCEEDINGS{4562561, 
author={V. Kuppusamy and R. Mahapatra}, 
booktitle={Cognitive Radio Oriented Wireless Networks and Communications, 2008. CrownCom 2008. 3rd International Conference on}, 
title={Primary user detection in OFDM based MIMO Cognitive Radio}, 
year={2008}, 
pages={1-5}, 
keywords={MIMO communication;OFDM modulation;cognitive radio;MIMO cognitive radio;OFDM;energy detection;primary user detection;Chromium;Cognitive radio;Detectors;Interference;MIMO;Matched filters;OFDM;Receivers;Receiving antennas;Signal to noise ratio;Cognitive radio;MIMO;OFDM;Spectrum sensing}, 
doi={10.1109/CROWNCOM.2008.4562561}, 
month={May},}

@INPROCEEDINGS{6072038, 
author={J. A. Msumba and H. J. Xu}, 
booktitle={AFRICON, 2011}, 
title={Spectrum sensing for cognitive radio networks: The need for cross-layer design approach for multimedia applications}, 
year={2011}, 
pages={1-6}, 
keywords={cognitive radio;multimedia communication;protocols;amplify and forward protocol;cognitive radio networks;cooperative relay diversity-based spectrum sensing;cross-layer design approach;energy detection spectrum sensing;multimedia applications;AWGN;Cognitive radio;Detectors;Protocols;Relays;Signal to noise ratio;Cognitive Radio;Cross-Layer Design;Energy Detector;Spectrum Sensing}, 
doi={10.1109/AFRCON.2011.6072038}, 
ISSN={2153-0025}, 
month={Sept},}



@ELECTRONIC{0003,
 author = {},
 title = {Welcome To GNU Radio},
 year = {2016},
 url = {http://gnuradio.org/redmine/projects/gnuradio/wiki},
 urldate = {2016-03-11}
}

@ELECTRONIC{0004,
 author = {},
 title = {A Quick Guide to Hardware and GNU Radio},
 year = {2016},
 url = {http://gnuradio.org/redmine/projects/gnuradio/wiki/Hardware},
 urldate = {2016-03-11}
}

@ELECTRONIC{0005,
 author = {},
 title = {The Comprehensive GNU Radio Archive Network},
 year = {2016},
 url = {http://cgran.org/},
 urldate = {2016-03-11}
}

@ELECTRONIC{0006,
 author = {},
 title = {Ettus Research},
 year = {2016},
 url = {https://www.ettus.com/},
 urldate = {2016-03-11}
}

@ELECTRONIC{0007,
 author = {},
 title = {UHD (USRP Hardware Driver)},
 year = {2016},
 url = {https://www.ettus.com/sdr-software/detail/usrp-hardware-driver},
 urldate = {2016-03-11}
}


@ELECTRONIC{0008,
 author = {},
 title = {Open-Mesh},
 year = {2016},
 url = {https://www.open-mesh.org/projects/open-mesh/wiki},
 urldate = {2016-03-11}
}


@ELECTRONIC{0009,
 author = {},
 title = {Click Modular Router},
 year = {2011},
 url = {http://read.cs.ucla.edu/click/click},
 urldate = {2016-03-11}
}


@ELECTRONIC{0010,
 author = {},
 title = {Polymorphic Types},
 year = {2016},
 url = {https://gnuradio.org/doc/doxygen/page_pmt.html},
 urldate = {2016-03-11}
}

@ELECTRONIC{0011,
 author = {},
 title = {Flask (A Micro Framework)},
 year = {2016},
 url = {http://flask.pocoo.org/},
 urldate = {2016-03-11}
}

@ELECTRONIC{0012,
 author = {},
 title = {Socket.IO},
 year = {2016},
 url = {http://socket.io/},
 urldate = {2016-03-11}
}

@ELECTRONIC{0013,
 author = {},
 title = {Flask-Socket.IO},
 year = {2016},
 url = {https://flask-socketio.readthedocs.org/en/latest/},
 urldate = {2016-03-11}
}

@ELECTRONIC{0014,
 author = {},
 title = {socketIO-client},
 year = {2015},
 url = {https://pypi.python.org/pypi/socketIO-client},
 urldate = {2016-03-11}
}

@ELECTRONIC{0015,
 author = {},
 title = {A.L.F.R.E.D - Almighty Lightweight Fact Remote Exchange Daemon
},
 year = {2014},
 url = {https://www.open-mesh.org/projects/alfred/wiki},
 urldate = {2016-03-11}
}

@ELECTRONIC{0016,
 author = {James Malsbury},
 title = {gr-mac
},
 year = {2014},
 url = {https://github.com/jmalsbury/gr-mac},
 urldate = {2016-03-11}
}

@ELECTRONIC{0017,
 author = {},
 title = {Using OpenWrt as an OpenVPN server with a TAP device (with bridging)
},
 year = {2015},
 url = {https://wiki.openwrt.org/doc/howto/vpn.server.openvpn.tap},
 urldate = {2016-03-13}
}

@ELECTRONIC{0018,
 author = {Martin Braud, Ben Hilburn, Vadim Lazarev},
 title = {What is GNU Radio and why do I want it
},
 year = {2014},
 url = {http://gnuradio.org/redmine/projects/gnuradio/wiki/WhatIsGR},
 urldate = {2016-03-28}
}

@ELECTRONIC{0019,
 author = {Wireless Innovation Forum},
 title = {What is Software Defined Radio
},
 year = {},
 url = {http://www.wirelessinnovation.org/assets/documents/SoftwareDefinedRadio.pdf},
 urldate = {2016-03-28}
}

@ELECTRONIC{0020,
 author = {Ian Poole},
 title = {Software Defined Radio SDR Hardware
},
 year = {},
 url = {http://www.radio-electronics.com/info/rf-technology-design/sdr/software-defined-radios-hardware-architecture.php},
 urldate = {2016-03-28}
}

@ELECTRONIC{0021,
 author = {GNU Radio},
 title = {VOLK
},
 year = {2014},
 url = {https://gnuradio.org/redmine/projects/gnuradio/wiki/Volk},
 urldate = {2016-03-28}
}

@ELECTRONIC{0022,
 author = {GNU Radio},
 title = {Ubuntu Install
},
 year = {2014},
 url = {https://gnuradio.org/redmine/projects/gnuradio/wiki/UbuntuInstall},
 urldate = {2016-03-28}
}

@ELECTRONIC{0023,
 author = {GNU Radio},
 title = {GNU Radio Companion
},
 year = {2016},
 url = {https://gnuradio.org/redmine/projects/gnuradio/wiki/UbuntuInstall},
 urldate = {2016-03-28}
}

@ELECTRONIC{0024,
 author = {GNU Radio},
 title = {Out of Tree Modules
},
 year = {2016},
 url = {https://gnuradio.org/redmine/projects/gnuradio/wiki/OutOfTreeModules},
 urldate = {2016-03-28}
}

@ELECTRONIC{0025,
 author = {CGRAN},
 title = {The Comprehensive GNU Radio Archive Network
},
 year = {2016},
 url = {http://cgran.org/},
 urldate = {2016-03-28}
}


@ELECTRONIC{0026,
 author = {GNU Radio},
 title = {A Quick Guide to Hardware and GNU Radio
},
 year = {2016},
 url = {http://gnuradio.org/redmine/projects/gnuradio/wiki/Hardware},
 urldate = {2016-03-28}
}

@ELECTRONIC{0027,
 author = {Mathworks},
 title = {Software-Defined Radio (SDR)
},
 year = {},
 url = {http://www.mathworks.com/discovery/sdr.html?requestedDomain=www.mathworks.com},
 urldate = {2016-03-28}
}

@ELECTRONIC{0028,
 author = {Ettus},
 title = {RFNoC (RF Network on Chip)
},
 year = {},
 url = {https://www.ettus.com/sdr-software/detail/rf-network-on-chip},
 urldate = {2016-03-28}
}

@ELECTRONIC{0029,
 author = {Dr. Roy Winkelman},
 title = {What is a Protocol?
},
 year = {2013},
 url = {http://fcit.usf.edu/network/chap2/chap2.htm},
 urldate = {2016-03-28}
}

@ELECTRONIC{0030,
 author = {Microsoft},
 title = {The OSI Model's Seven Layers Defined and Functions Explained
},
 year = {2014},
 url = {https://support.microsoft.com/en-us/kb/103884},
 urldate = {2016-03-28}
}

@ELECTRONIC{0031,
 author = {Jajish Thomas},
 title = {Seven Layers of OSI Model and functions of seven layers of OSI model?
},
 year = {2014},
 url = {http://www.omnisecu.com/tcpip/osi-model.php},
 urldate = {2016-03-28}
}

@ELECTRONIC{0032,
 author = {Open Mesh},
 title = {B.A.T.M.A.N. Advanced
},
 year = {2014},
 url = {https://www.open-mesh.org/projects/batman-adv/wiki/Wiki},
 urldate = {2016-03-28}
}

@ARTICLE{0033, 
author={Aastikta Sharma and Narendran Rajagopalan}, 
journal={International Journal of Advanced Trends in Computer Sceince and Engineering}, 
title={A Comparative Study of B.A.T.M.A.N. and OLSR Routing Protocols for MANETs}, 
year={2013}, 
volume={2}, 
number={5}, 
pages={13-17}, 
keywords={}, 
doi={}, 
ISSN={2278-3091}, 
month={tenth},}

@ELECTRONIC{0034,
 author = {Ettus Research},
 title = {B200
},
 year = {2016},
 url = {https://www.ettus.com/product/details/UB200-KIT},
 urldate = {2016-03-30}
}
@ELECTRONIC{0035,
 author = {Ettus Research},
 title = {E310
},
 year = {2016},
 url = {https://www.ettus.com/product/details/E310-KIT},
 urldate = {2016-03-30}
}

@ELECTRONIC{0036,
 author = {Ettus Research},
 title = {E312
},
 year = {2016},
 url = {https://www.ettus.com/product/details/USRP-E312},
 urldate = {2016-03-30}
}

@ELECTRONIC{0037,
 author = {Open Mesh},
 title = {Understand your B.A.T.M.A.N. Advanced network
},
 year = {2016},
 url = {https://www.open-mesh.org/projects/batman-adv/wiki/Understand-your-batman-adv-network},
 urldate = {2016-04-17}
}
@article{Akyildiz2009810,
title = "CRAHNs: Cognitive radio ad hoc networks ",
journal = "Ad Hoc Networks ",
volume = "7",
number = "5",
pages = "810 - 836",
year = "2009",
note = "",
issn = "1570-8705",
doi = "http://dx.doi.org/10.1016/j.adhoc.2009.01.001",
url = "http://www.sciencedirect.com/science/article/pii/S157087050900002X",
author = "Ian F. Akyildiz and Won-Yeol Lee and Kaushik R. Chowdhury",
keywords = "Cognitive radio",
keywords = "Ad hoc networks",
keywords = "Spectrum sensing",
keywords = "Spectrum sharing",
keywords = "Spectrum decision",
keywords = "Spectrum mobility",
keywords = "Medium access control protocol",
keywords = "Common control channel",
keywords = "Routing protocol",
keywords = "Transport protocol",
keywords = "Commons model "
}

@article{Akyildiz2007921,
title = "A survey on wireless multimedia sensor networks ",
journal = "Computer Networks ",
volume = "51",
number = "4",
pages = "921 - 960",
year = "2007",
note = "",
issn = "1389-1286",
doi = "http://dx.doi.org/10.1016/j.comnet.2006.10.002",
url = "http://www.sciencedirect.com/science/article/pii/S1389128606002751",
author = "Ian F. Akyildiz and Tommaso Melodia and Kaushik R. Chowdhury",
keywords = "Wireless sensor networks",
keywords = "Multimedia communications",
keywords = "Distributed smart cameras",
keywords = "Video sensor networks",
keywords = "Energy-aware protocol design",
keywords = "Cross-layer protocol design",
keywords = "Quality of service "
}

@INPROCEEDINGS{1005496, 
author={I. Kassabalidis and M. A. El-Sharkawi and R. J. Marks and P. Arabshahi and A. A. Gray}, 
booktitle={Neural Networks, 2002. IJCNN '02. Proceedings of the 2002 International Joint Conference on}, 
title={Adaptive-SDR: adaptive swarm-based distributed routing}, 
year={2002}, 
volume={1}, 
pages={351-354}, 
keywords={adaptive systems;delays;distributed control;packet radio networks;radio access networks;robust control;satellite communication;telecommunication control;telecommunication network routing;adaptive swarm-based distributed routing;adaptive-SDR;delay minimization;distributed decentralized intelligence;insects;packet loss minimization;robustness;satellite network routing;social behavior;swarm intelligence;wireless network routing;Centralized control;Clustering algorithms;Communication system control;Insects;Particle swarm optimization;Robust control;Routing;Satellites;Scalability;Telecommunication traffic}, 
doi={10.1109/IJCNN.2002.1005496}, 
ISSN={1098-7576}, 
month={},}

@INPROCEEDINGS{6497193, 
author={J. C. Briones and J. M. Nappier}, 
booktitle={Aerospace Conference, 2013 IEEE}, 
title={SDR input power estimation algorithms}, 
year={2013}, 
pages={1-9}, 
keywords={adaptive filters;artificial satellites;automatic gain control;control engineering computing;digital control;neural nets;satellite communication;GD S-band software defined radio;ISS;SCAN testbed installation;SDR input power estimation algorithms;SNR;digital AGC;digital automatic gain control;general dynamics S-band software defined radio;ground software;linear adaptive filter algorithm;navigation testbed;neural networks;nonlinear response;space communication;Biological neural networks;Equations;Gain control;Mathematical model;Temperature distribution;Temperature measurement;Vectors}, 
doi={10.1109/AERO.2013.6497193}, 
ISSN={1095-323X}, 
month={March},}


@INPROCEEDINGS{4224259, 
author={B. Atakan and O. B. Akan}, 
booktitle={2007 IEEE Wireless Communications and Networking Conference}, 
title={BIOlogically-Inspired Spectrum Sharing in Cognitive Radio Networks}, 
year={2007}, 
pages={43-48}, 
keywords={adaptive signal processing;cognitive radio;spectral analysis;BIOSS algorithm;adaptive task allocation model;biologically inspired spectrum sharing;cognitive radio networks;insect colonies;spectrum utilization;Access protocols;Biological system modeling;Centralized control;Cognitive radio;Communications Society;Delay;Next generation networking;Radio spectrum management;Wireless communication;Wireless networks}, 
doi={10.1109/WCNC.2007.14}, 
ISSN={1525-3511}, 
month={March},}

@INPROCEEDINGS{5686503, 
author={G. Li and S. W. Oh and K. C. Teh and K. H. Li}, 
booktitle={Communication Systems (ICCS), 2010 IEEE International Conference on}, 
title={Enhanced BIOlogically-inspired Spectrum Sharing for cognitive radio networks}, 
year={2010}, 
pages={767-771}, 
keywords={cognitive radio;interference (signal);radio networks;biologically-inspired spectrum sharing;cognitive radio networks;e-BIOSS;frequency spectrum;spectrum access;spectrum allocation;wireless technology;Biological system modeling;Cognitive radio;Heuristic algorithms;Insects;Protocols;Resource management}, 
doi={10.1109/ICCS.2010.5686503}, 
month={Nov},}

@ARTICLE{5464224, 
author={F. R. Yu and M. Huang and H. Tang}, 
journal={IEEE Network}, 
title={Biologically inspired consensus-based spectrum sensing in mobile Ad Hoc networks with cognitive radios}, 
year={2010}, 
volume={24}, 
number={3}, 
pages={26-30}, 
keywords={ad hoc networks;cognitive radio;mobile radio;CR-MANET;biologically inspired consensus-based spectrum sensing;centralized node;cognitive radios;cooperative spectrum sensing schemes;data fusion;mobile ad hoc networks;Chromium;Cognitive radio;Communication system control;Counting circuits;Data security;FCC;Information security;Mobile ad hoc networks;Wireless communication;Wireless sensor networks}, 
doi={10.1109/MNET.2010.5464224}, 
ISSN={0890-8044}, 
month={May},}

@INPROCEEDINGS{5600815, 
author={X. Mao and H. Ji}, 
booktitle={2010 6th International Conference on Wireless Communications Networking and Mobile Computing (WiCOM)}, 
title={Biologically-Inspired Distributed Spectrum Access for Cognitive Radio Network}, 
year={2010}, 
pages={1-4}, 
keywords={cognitive radio;radio spectrum management;ACO algorithm;adaptive task assignment;ant colonies;biologically-inspired distributed spectrum access;cognitive ability;cognitive radio network;dynamic spectrum access;minimal cost constraint;optimal spectrum assignment;radio frequency spectrum;spectrum utilization;Adaptation model;Ant colony optimization;Cognitive radio;Heuristic algorithms;Particle swarm optimization;Protocols}, 
doi={10.1109/WICOM.2010.5600815}, 
ISSN={2161-9646}, 
month={Sept},}

@INPROCEEDINGS{7030885, 
author={R. A. Mahale and S. D. Chavan}, 
booktitle={Wireless Computing and Networking (GCWCN), 2014 IEEE Global Conference on}, 
title={Throughput aware ACO based routing protocol for wireless sensor network}, 
year={2014}, 
pages={234-238}, 
keywords={energy conservation;power consumption;routing protocols;telecommunication network reliability;wireless sensor networks;AODV routing protocol;NARP routing protocol;TANARP routing protocol;WSN node power consumption;WSN routing protocol;ant colony optimization;end-to-end delay;energy consumption;energy efficiency;energy resources;network lifetime enhamcement;node energy;optimal shortest path;packet loss;throughput-aware ACO-based routing protocol;wireless sensor network;Delays;Energy consumption;Routing;Routing protocols;Throughput;Wireless sensor networks;ACO approach;WSN;routing protocol;throughput aware}, 
doi={10.1109/GCWCN.2014.7030885}, 
month={Dec},}

@INPROCEEDINGS{7124804, 
author={P. V. Kumar and S. Malarvizhi}, 
booktitle={Electronics and Communication Systems (ICECS), 2015 2nd International Conference on}, 
title={Experimental study of genetic algorithm based link adaptation for MIMO cognitive radio application}, 
year={2015}, 
pages={1354-1359}, 
keywords={MIMO communication;cognitive radio;genetic algorithms;iterative methods;learning (artificial intelligence);MIMO cognitive radio application;cognitive radio resource management system;electrometric environment;genetic algorithm based link adaptation scheme;iterative method;machine learning techniques;multi parameter optimization based 2X2 MIMO link adaption;multiple parameter adjustment technique;network efficiency;wireless cognitive radio technology;Biological cells;Cognitive radio;Genetic algorithms;MIMO;Quadrature amplitude modulation;Receivers;Crossover;Genetic algorithm;MIMO;Mutation;SDR;cognitive radio;dynamic spectrum;link adaptation}, 
doi={10.1109/ECS.2015.7124804}, 
month={Feb},}


@INPROCEEDINGS{7373160, 
author={Vaishnavi K and Kiran K and P. D. Shenoy and Venugopal K R}, 
booktitle={TENCON 2015 - 2015 IEEE Region 10 Conference}, 
title={IOBR: Interoperable bee-hive routing in a heterogeneous multi-radio network}, 
year={2015}, 
pages={1-5}, 
keywords={WiMax;open systems;routing protocols;wireless LAN;wireless mesh networks;IOBR;MAC layers;WiFi radio;WiMAX radio;coordinator node;heterogeneous infrastructure based mesh network;heterogeneous multiradio network;interoperable bee-hive routing;intra-foraging zone communication;media access control layers;physical layers;routing data;subscriber node;wireless technologies;IEEE 802.11 Standard;Interoperability;Media Access Protocol;Mesh networks;Routing;WiMAX},
doi={10.1109/TENCON.2015.7373160}, 
ISSN={2159-3442}, 
month={Nov},}

@INPROCEEDINGS{6863008, 
author={K. Kiran and P. D. Shenoy and K. R. Venugopal and L. M. Patnaik}, 
booktitle={Region 10 Symposium, 2014 IEEE}, 
title={Fault tolerant BeeHive routing in mobile ad-hoc multi-radio network}, 
year={2014}, 
pages={116-120}, 
keywords={WiMax;fault tolerance;mobile ad hoc networks;telecommunication network routing;telecommunication traffic;wireless LAN;MANET;WiFi radios;WiMAX radios;data transmission;fault tolerant BeeHive routing;hardware radio operation;mobile ad-hoc network;multihop network;multiradio nodes;network random faults;random fluctuations;traffic splitting;Ad hoc networks;Fault tolerance;Fault tolerant systems;IEEE 802.11 Standards;Routing;Throughput;WiMAX;Ad-hoc Wireless Networks;BeeHive Routing;Fault Tolerance;Multi-Radio Nodes;Multi-hop Networks;Traffic Splitting;WiFi;WiMAX}, 
doi={10.1109/TENCONSpring.2014.6863008}, 
month={April},}

@ARTICLE{6599059, 
author={M. Youssef and M. Ibrahim and M. Abdelatif and L. Chen and A. V. Vasilakos}, 
journal={IEEE Communications Surveys Tutorials}, 
title={Routing Metrics of Cognitive Radio Networks: A Survey}, 
year={2014}, 
volume={16}, 
number={1}, 
pages={92-109}, 
keywords={access protocols;cognitive radio;radio networks;routing protocols;MAC layer;cognitive radio network;forwarding packet routing;multihop secondary network;physical layer;routing protocol metrics;single-hop network;taxonomy;Delays;Routing;Routing protocols;Switches;Wireless communication;Cognitive radio networks;routing metrics;routing metrics fusion}, 
doi={10.1109/SURV.2013.082713.00184}, 
ISSN={1553-877X}, 
month={First},}

@INPROCEEDINGS{6892537, 
author={K. K. Chauhan and A. K. S. Sanger}, 
booktitle={Electronics and Communication Systems (ICECS), 2014 International Conference on}, 
title={Survey of Security threats and attacks in cognitive radio networks}, 
year={2014}, 
pages={1-5}, 
keywords={cognitive radio;quality of service;radio networks;radio spectrum management;signal detection;telecommunication security;QoS;cognitive radio networks;quality of service;resource allocation;security attacks;security threats;spectrum allocation;spectrum sensing;spectrum sharing;unlicensed users;vacant channel detection;wireless communication;Artificial intelligence;Authentication;Computers;FCC;Jamming;Radio networks;Cognitive Radio;Cognitive Radio Networks;Dynamic Spectrum Access;Mitigation;Security Threats/Attacks}, 
doi={10.1109/ECS.2014.6892537}, 
month={Feb},}

@ARTICLE{5639025, 
author={B. Wang and K. J. R. Liu}, 
journal={IEEE Journal of Selected Topics in Signal Processing}, 
title={Advances in cognitive radio networks: A survey}, 
year={2011}, 
volume={5}, 
number={1}, 
pages={5-23}, 
keywords={cognitive radio;radio spectrum management;cognitive radio network;innovative communication technology;spectrum allocation;spectrum regulatory body;wireless radio spectrum;Bandwidth;Base stations;Cognitive radio;Interference;Temperature measurement;Temperature sensors;Cognitive radio (CR);platforms and standards;radio spectrum management;software radio;spectrum sensing;wireless communication}, 
doi={10.1109/JSTSP.2010.2093210}, 
ISSN={1932-4553}, 
month={Feb},}

@ARTICLE{6994333, 
author={D. Kreutz and F. M. V. Ramos and P. E. Veríssimo and C. E. Rothenberg and S. Azodolmolky and S. Uhlig}, 
journal={Proceedings of the IEEE}, 
title={Software-Defined Networking: A Comprehensive Survey}, 
year={2015}, 
volume={103}, 
number={1}, 
pages={14-76}, 
keywords={IP networks;application program interfaces;computer network management;computer network reliability;computer network security;software defined networking;telecommunication network routing;telecommunication traffic;API;IP networks;SDN controllers;SDN infrastructure;SDN position analysis;bottom-up-layered approach;carrier transport networks;cloud providers;control planes;control platform design;cross-layer problems;data planes;debugging;dependability;digital society;hardware infrastructure;logical network control centralization;network applications;network control logic separation;network control problem;network management;network operating systems;network policies;network program;network programming languages;network reconfiguration;network virtualization layers;northbound application programming interface;performance analysis;resiliency analysis;routers;scalability analysis;security analysis;software-defined networking;southbound application programming interface;standardization activities;switch platform design;switching hardware;traffic forwarding;troubleshooting;vertically integrated networks;Communication networks;Computer networks;Control systems;IP networks;Software defined networking;Virtualization;Carrier-grade networks;OpenFlow;dependability;flow-based networking;network hypervisor;network operating systems (NOSs);network virtualization;programmable networks;programming languages;scalability;software-defined environments;software-defined networking (SDN)}, 
doi={10.1109/JPROC.2014.2371999}, 
ISSN={0018-9219}, 
month={Jan},}

@ARTICLE{7452335, 
author={C. Trois and M. D. Didonet Del Fabro and L. C. E. de Bona and M. Martinello}, 
journal={IEEE Communications Surveys Tutorials}, 
title={A Survey on SDN Programming Languages: Towards a Taxonomy}, 
year={2016}, 
volume={PP}, 
number={99}, 
pages={1-1}, 
keywords={Computer architecture;Computer languages;Ports (Computers);Programming;Switches;Topology;Language Classification;Northbound Interface;Programming languages;Software-Defined Networking}, 
doi={10.1109/COMST.2016.2553778}, 
ISSN={1553-877X}, 
month={},}

@INPROCEEDINGS{7179430, 
author={S. Wang and D. Li and S. Xia}, 
booktitle={Computer Communications Workshops (INFOCOM WKSHPS), 2015 IEEE Conference on}, 
title={The problems and solutions of network update in SDN: A survey}, 
year={2015}, 
pages={474-479}, 
keywords={software defined networking;telecommunication congestion control;SDN;careless schedule;centralized control;control separation;data plane separation;forwarding black hole;forwarding loop;link congestion;network policy violation;network update;software defined networking;Conferences;Control systems;Data communication;IP networks;Middleboxes;Schedules}, 
doi={10.1109/INFCOMW.2015.7179430}, 
month={April},}

@INPROCEEDINGS{6982928, 
author={S. Namal and I. Ahmad and M. Jokinen and A. Gurtov and M. Ylianttila}, 
booktitle={2014 Eighth International Conference on Next Generation Mobile Apps, Services and Technologies}, 
title={SDN Core for Mobility between Cognitive Radio and 802.11 Networks}, 
year={2014}, 
pages={272-281}, 
keywords={IP networks;cognitive radio;software defined networking;transport protocols;wireless LAN;DHCP;IP based cognitive access network;Open Flow based fully functional 802.1X access network;SDN core;TCP characteristics;WLAN domain;access control mechanism;access networks;backbone aggregate traffic;cognitive networks;dual band support;edge networks;forward in-between;preinstalled flows;seamless mobility;tcpdump traces;Access control;Communication system security;Mobile communication;Servers;Switches;Wireless LAN;Wireless communication;Openflow;Software defined networks;access control;authentication;seamless mobility;security;wireless SDN}, 
doi={10.1109/NGMAST.2014.28}, 
ISSN={2161-2889}, 
month={Sept},}

@INPROCEEDINGS{6933795, 
author={G. Sun and G. Liu and Y. Wang}, 
booktitle={Cognitive Cellular Systems (CCS), 2014 1st International Workshop on}, 
title={SDN architecture for cognitive radio networks}, 
year={2014}, 
pages={1-5}, 
keywords={Long Term Evolution;cognitive radio;mobile radio;next generation networks;protocols;radio access networks;radio networks;radio spectrum management;software radio;telecommunication traffic;wireless LAN;LTE network simulator;OpenFlow protocol enabled infrastructure architecture;SDN controller;TV white space;Wi-Fi network simulator;cloud network;cognitive radio control function;heterogeneous network spectrum sharing;next generation mobile;software defined cognitive radio network;software defined network;spectrum scarcity;traffic volume versatile services;wireless access networks;Cognitive radio;Computer architecture;Data transfer;IEEE 802.11 Standards;Prototypes;TV;White spaces;Cognitive radio networks;OpenFlow;Software defined network}, 
doi={10.1109/CCS.2014.6933795}, 
month={Sept},}

@INPROCEEDINGS{7207253, 
author={H. Cui and Y. Zhang and C. Ma and W. Lai and N. C. Beaulieu and S. Sobolevsky and Y. Liu}, 
booktitle={2015 IEEE International Congress on Big Data}, 
title={Design and Realization of Cognitive Routing Resources Using Big Data Analysis in SDN}, 
year={2015}, 
pages={424-429}, 
keywords={Big Data;cloud computing;data analysis;parallel processing;resource allocation;software defined networking;BUPT SDN test bed;Big Data analysis;Hadoop platform;LARAC algorithm;OpenFlow;SDN architecture;cloud platform;cognitive routing resources;load balance;network availability;network flexibility;network load;network resource allocation scheme;standard communications interface;user preference awareness;users data analysis;users requirements;Algorithm design and analysis;Control systems;Databases;Network topology;Prediction algorithms;Resource management;Routing;Floodlight;OpenFlow;SDN;load balance}, 
doi={10.1109/BigDataCongress.2015.69}, 
ISSN={2379-7703}, 
month={June},}

@INPROCEEDINGS{6379142, 
author={J. Chung and G. González and I. Armuelles and T. Robles and R. Alcarria and A. Morales}, 
booktitle={2012 IEEE 8th International Conference on Wireless and Mobile Computing, Networking and Communications (WiMob)}, 
title={Characterizing the multimedia service capacity of wireless mesh networks for rural communities}, 
year={2012}, 
pages={628-635}, 
keywords={broadband networks;jitter;multimedia communication;next generation networks;routing protocols;wireless mesh networks;IEEE 802.11s standard;OpenFlow controller approach;datagram loss;jitter;multimedia service capacity;next generation networks;routing protocols;rural community network;wireless mesh networks;Ad hoc networks;Communities;IEEE 802.11 Standards;Routing protocols;Wireless communication;Wireless mesh networks;802.11s;Batman-adv;OpenFlow;Wireless Mesh Networks;multimedia;performance}, 
doi={10.1109/WiMOB.2012.6379142}, 
ISSN={2160-4886}, 
month={Oct},}

@INPROCEEDINGS{5483777, 
author={R. G. Garroppo and S. Giordano and L. Tavanti}, 
booktitle={Wireless Pervasive Computing (ISWPC), 2010 5th IEEE International Symposium on}, 
title={Experimental evaluation of two open source solutions for wireless mesh routing at layer two}, 
year={2010}, 
pages={232-237}, 
keywords={Access protocols;ISO;Media Access Protocol;Open systems;Pervasive computing;Physical layer;Relays;Routing protocols;Testing;Wireless mesh networks}, 
doi={10.1109/ISWPC.2010.5483777}, 
month={May},}

@INPROCEEDINGS{5645050, 
author={Yun Hu and Weiqing He and Shoubao Yang and Yuan Zhou}, 
booktitle={2010 IEEE 6th International Conference on Wireless and Mobile Computing, Networking and Communications}, 
title={Multi-gateway multi-path routing protocol for 802.11s WMN}, 
year={2010}, 
pages={308-315}, 
keywords={routing protocols;wireless LAN;wireless mesh networks;802.11s WMN;multigateway multipath routing protocol;wireless mesh networks;IEEE 802.11 Standards;Logic gates;Measurement;Peer to peer computing;Routing;Routing protocols;Wireless communication}, 
doi={10.1109/WIMOB.2010.5645050}, 
ISSN={2160-4886}, 
month={Oct},}

@INPROCEEDINGS{ieee802tut, 
author={Steven Conner and Jan Kruys and Kyeongsoo Kim and Juan Zuniga}, 
booktitle={IEEE 802 Plenary}, 
title={Overview of the Amendment for Wireless Local Area Mesh Networking}, 
year={2006}, 
pages={}, 
keywords={routing protocols;wireless LAN;wireless mesh networks;802.11s WMN;multigateway multipath routing protocol;wireless mesh networks;IEEE 802.11 Standards;Logic gates;Measurement;Peer to peer computing;Routing;Routing protocols;Wireless communication}, 
doi={}, 
ISSN={}, 
month={Nov},}

@INPROCEEDINGS{linuxmag80211, 
author={Steven Conner and Jan Kruys and Kyeongsoo Kim and Juan Zuniga}, 
booktitle={IEEE 802 Plenary}, 
title={Overview of the Amendment for Wireless Local Area Mesh Networking}, 
year={2006}, 
pages={}, 
keywords={routing protocols;wireless LAN;wireless mesh networks;802.11s WMN;multigateway multipath routing protocol;wireless mesh networks;IEEE 802.11 Standards;Logic gates;Measurement;Peer to peer computing;Routing;Routing protocols;Wireless communication}, 
doi={}, 
ISSN={}, 
month={Nov},}

@INPROCEEDINGS{5747366, 
author={A. W. Mast}, 
booktitle={Aerospace Conference, 2011 IEEE}, 
title={Reconfigurable Software Defined Payload architecture that reduces cost and risk for various missions}, 
year={2011}, 
pages={1-5}, 
keywords={field programmable gate arrays;reconfigurable architectures;reduced instruction set computing;software radio;space communication links;Harris SDP platform;NASA connect program;RISC processor-based architectures;STRS compliant communications missions;Xilinx Virtex FPGA;bit rate 100 Mbit/s;field programmable gate arrays;multiprocessor based software defined payloads;reconfigurable software defined payload architecture;remote sensing;single event effect mitigation scheme;software defined radios;space telecommunication radio system;Computer architecture;Field programmable gate arrays;Hardware;Payloads;Radar;Software;Software radio}, 
doi={10.1109/AERO.2011.5747366}, 
ISSN={1095-323X}, 
month={March},}

@ARTICLE{393001, 
author={J. Mitola}, 
journal={IEEE Communications Magazine}, 
title={The software radio architecture}, 
year={1995}, 
volume={33}, 
number={5}, 
pages={26-38}, 
keywords={channel coding;digital radio;economics;reviews;telecommunication computing;IF segment;RF segment;antenna segment;architectures;baseband segment;benefits;bitstream segment;canonical functional partitioning;channel coding;communications technology;component hardware;economics;hardware configurations;review;software radio architecture;Bit error rate;Computer architecture;Directive antennas;Mobile antennas;Modulation coding;Radio control;Radio spectrum management;Receiving antennas;Software radio;Transmitting antennas}, 
doi={10.1109/35.393001}, 
ISSN={0163-6804}, 
month={May},}

@ARTICLE{761033, 
author={J. Mitola}, 
journal={IEEE Journal on Selected Areas in Communications}, 
title={Software radio architecture: a mathematical perspective}, 
year={1999}, 
volume={17}, 
number={4}, 
pages={514-538}, 
keywords={Turing machines;digital radio;distributed processing;radio equipment;recursive functions;software architecture;software reusability;telecommunication computing;Turing machine;Turing-computable functions;bounded recursive functions;cost-effective software reuse;hardware;interfaces;layered distributed virtual machine reference model;mathematical models;middleware;plug-and-play applications;product developers;programmable digital radios;programmable processing;provable properties;service providers;software components;software radio architecture;stability;topological properties;total recursive functions;Application software;Computer architecture;Digital communication;Hardware;Mathematical model;Service oriented architecture;Software radio;Stability;Turing machines;Virtual machining}, 
doi={10.1109/49.761033}, 
ISSN={0733-8716}, 
month={Apr},}

@ARTICLE{210638, 
author={J. Mitola}, 
journal={IEEE Aerospace and Electronic Systems Magazine}, 
title={Software radios: Survey, critical evaluation and future directions}, 
year={1993}, 
volume={8}, 
number={4}, 
pages={25-36}, 
keywords={CAD;digital radio systems;open systems;signal processing;telecommunications computing;CAD;algorithm structures;canonical open architecture software;channel model;communication system functions;computational models;digital signal processing;host architectures;metalevel;quantitative analysis;real-time communications;receiver;software radio;target processors;topological consistency;transmitter;Computational modeling;Digital signal processing;Hardware;Mathematical model;Performance analysis;Radio transmitters;Real time systems;Receivers;Software performance;Software radio}, 
doi={10.1109/62.210638}, 
ISSN={0885-8985}, 
month={April},}

@ARTICLE{7039225, 
author={D. F. Macedo and D. Guedes and L. F. M. Vieira and M. A. M. Vieira and M. Nogueira}, 
journal={IEEE Communications Surveys Tutorials}, 
title={Programmable Networks From Software-Defined Radio to Software-Defined Networking}, 
year={2015}, 
volume={17}, 
number={2}, 
pages={1102-1125}, 
keywords={Internet;software defined networking;software radio;Internet systems;communication systems;programmable control plane;programmable data plane;programmable devices;programmable network architectures;software-defined networking;software-defined radio;wired elements;wireless elements;Computer architecture;Hardware;Protocols;Reliability;Software;Standards;Virtualization;Software defined networking;network architectures;network virtualization;software-defined radios}, 
doi={10.1109/COMST.2015.2402617}, 
ISSN={1553-877X}, 
month={Secondquarter},}

@INPROCEEDINGS{7430125, 
author={E. G. Sierra and G. A. R. Arroyave}, 
booktitle={2015 7th IEEE Latin-American Conference on Communications (LATINCOM)}, 
title={Low cost SDR spectrum analyzer and analog radio receiver using GNU radio, raspberry Pi2 and SDR-RTL dongle}, 
year={2015}, 
pages={1-6}, 
keywords={radio receivers;software radio;spectral analysers;AM signals;FM signals;GNU radio;Raspbian operating system;SDR-RTL dongle radio receiver;analog radio receiver;frequency 30 MHz to 1.7 GHz;low cost SDR spectrum analyzer;low cost Software Defined Radio;moderate sensitivity demanding applications;raspberry Pi2;spectrum analyzer function;Computers;Demodulation;Frequency modulation;Receivers;Software;Universal Serial Bus;Analog demodulation;GNU Radio;RTL-SDR dongle;Raspberry Pi 2 board computer;Software Defined Radio;Spectrum Analyzer}, 
doi={10.1109/LATINCOM.2015.7430125}, 
month={Nov},}

@INPROCEEDINGS{6081528, 
author={P. Alvarez and N. Pratas and A. Rodrigues and N. R. Prasad and R. Prasad}, 
booktitle={Wireless Personal Multimedia Communications (WPMC), 2011 14th International Symposium on}, 
title={Energy detection and eigenvalue based detection: An experimental study using GNU radio}, 
year={2011}, 
pages={1-5}, 
keywords={cognitive radio;eigenvalues and eigenfunctions;GNU radio;cognitive radios;eigenvalue based detection;eigenvalue detector;energy detection;sensing time;spectrum sensing;threshold selection;Cognitive radio;Covariance matrix;Detectors;Eigenvalues and eigenfunctions;Energy measurement;Noise;Time measurement}, 
ISSN={1347-6890}, 
month={Oct},}

@INPROCEEDINGS{7043470, 
author={L. C. Tran and D. T. Nguyen and F. Safaei and P. J. Vial}, 
booktitle={2014 International Conference on Advanced Technologies for Communications (ATC 2014)}, 
title={An experimental study of OFDM in software defined radio systems using GNU platform and USRP2 devices}, 
year={2014}, 
pages={657-662}, 
keywords={Gaussian channels;OFDM modulation;Rician channels;blind source separation;channel estimation;interpolation;software radio;GNU platform;GNU radio software platform;Gaussian propagation;OFDM systems;Rician propagation;SDR systems;USRP2 devices;blind SNR estimation algorithm;channel estimation methods;channel interpolation techniques;linear channel interpolation;orthogonal frequency division multiplexing;signal processing techniques;software defined radio systems;version-2 universal software radio peripheral devices;Channel estimation;Hardware;Interpolation;OFDM;Receivers;Signal to noise ratio;Software;GNU Radio;OFDM;SDR;SNR estimation;USRP2;channel estimation}, 
doi={10.1109/ATC.2014.7043470}, 
ISSN={2162-1020}, 
month={Oct},}

@INPROCEEDINGS{529072, 
author={O. Spaniol}, 
booktitle={Personal, Indoor and Mobile Radio Communications, 1994. Wireless Networks - Catching the Mobile Future., 5th IEEE International Symposium on}, 
title={The evolution of wireless networking: conformance or conflict with the OSI reference model?}, 
year={1994}, 
volume={3}, 
pages={786-793 vol.3}, 
keywords={ISO standards;cordless telephone systems;data communication;digital radio;land mobile radio;open systems;telecommunication services;telecommunication standards;voice communication;wireless LAN;OSI conformance;OSI reference model;asynchronous data;communication systems;cordless communication;data services;digital second generation systems;integrated services;mobile telecommunication networks;multimedia services;speech services;standards;synchronous data;third generation systems;wireless LAN technology;wireless networking;wireless networks;Communication standards;Fusion power generation;Intserv networks;LAN interconnection;Mobile communication;Multimedia systems;Open systems;Speech;Synchronous generators;Wireless networks}, 
doi={10.1109/WNCMF.1994.529072}, 
month={Sep},}

@INPROCEEDINGS{6840086, 
author={S. N. Orzen}, 
booktitle={Applied Computational Intelligence and Informatics (SACI), 2014 IEEE 9th International Symposium on}, 
title={Interaction understanding in the OSI model functionality of networks with case studies}, 
year={2014}, 
pages={327-330}, 
keywords={computer networks;open systems;OSI model functionality;algorithmic organization;computer networks;continuous logical understanding;fundamental applicable communication rules;interaction understanding;intermediary interaction layer;mathematical formalisms;Computational intelligence;Informatics;Open systems;Functionality;Interaction;Model;Network;OSI;Understanding}, 
doi={10.1109/SACI.2014.6840086}, 
month={May},}

@INPROCEEDINGS{6014631, 
author={Y. Li and D. Li and W. Cui and R. Zhang}, 
booktitle={Communication Software and Networks (ICCSN), 2011 IEEE 3rd International Conference on}, 
title={Research based on OSI model}, 
year={2011}, 
pages={554-557}, 
keywords={Internet;open systems;transport protocols;Internet;OSI model;TCP/IP;data transmission;open access system interconnection reference model;protocol specifications;Adaptation models;Analytical models;Educational institutions;IP networks;ISO;Open systems;Switches;OSI;TCP/IP;protocol specification;reference model}, 
doi={10.1109/ICCSN.2011.6014631}, 
month={May},}

@INPROCEEDINGS{6737601, 
author={B. Bloessl and M. Segata and C. Sommer and F. Dressler}, 
booktitle={2013 IEEE Vehicular Networking Conference}, 
title={Towards an Open Source IEEE 802.11p stack: A full SDR-based transceiver in GNU Radio}, 
year={2013}, 
pages={143-149}, 
keywords={OFDM modulation;access protocols;mobile radio;software radio;wireless LAN;GNU radio;MAC variant debug;PHY variant debug;SDR systems;commercial grade IEEE 802.11p cards;error model;full-SDR-based transceiver;fully-reconfigurable radios;laptops;low-end desktop PC;modular OFDM transceiver;modular orthogonal frequency division multiplexing transceiver;open source IEEE 802.11p stack;open source simulation-experimentation framework;proofing cars;real-time signal processing framework;software defined radio;transceiver capability;Field programmable gate arrays;Hardware;Radio transmitters;Receivers;Software;Standards;Transceivers}, 
doi={10.1109/VNC.2013.6737601}, 
ISSN={2157-9857}, 
month={Dec},}


@ELECTRONIC{specan1,
 author = {Tektronix},
 title = {RSA306 USB Spectrum Analyzer
},
 year = {2016},
 url = {http://www.tek.com/spectrum-analyzer/rsa306},
 urldate = {2016-04-17}
}

@ARTICLE{6178212, 
journal={IEEE Std 802.11-2012 (Revision of IEEE Std 802.11-2007)}, 
title={IEEE Standard for Information technology--Telecommunications and information exchange between systems Local and metropolitan area networks--Specific requirements Part 11: Wireless LAN Medium Access Control (MAC) and Physical Layer (PHY) Specifications}, 
year={2012}, 
pages={1-2793}, 
keywords={IEEE standards;access protocols;metropolitan area networks;wireless LAN;IEEE Std 802.11-2012;IEEE standard;MAC;PHY specification;WLAN;information technology;lEEE Std 802.11-2007;local area network;medium access control;metropolitan area network;physical layer;telecommunications-and-information exchange;wireless LAN;Authentication;Channel switching;Collision avoidance;Encryption;IEEE standards;Telecommunication network management;Wireless communication;2.4 GHz;3650 MHz;4.9 GHz;5 GHz;5.9 GHz;AES;CCMP;CSMA/CA;Counter mode with Cipher-block chaining Message authentication code Protocol;DFS;E911;IEEE 802.11;LAN;MAC;MIH;MIMO;MIMO-OFDM;PHY;QoS;QoS mapping;RF;SSP;SSPN;TKIP;TPC;WLAN;advanced encryption standard;carrier sense multiple access/collision avoidance;channel switching;confidentiality;direct link;dynamic frequency selection;emergency alert system;emergency services;forwarding;generic advertisement service;high throughput;interface;internationalroaming;interworking;interworking with external networks;local area network;measurement;media-independent handover;medium access control;medium access controller;mesh;multi-hop;multiple input multiple output;network advertisement;network discovery;network management;network selection;off-channel direct link;path-selection;physical layer;power saving;quality of service;radio;radio frequency;radio management;radio resource;subscriber service provider;temporal key integrity protocol;transmit power control;tunneled direct link setup;wireless LAN;wireless access in vehicular environments;wireless local area network;wireless network management;zero-knowledge proof}, 
doi={10.1109/IEEESTD.2012.6178212}, 
month={March},}

@INPROCEEDINGS{1386189, 
author={M. Ott and I. Seskar and R. Siraccusa and M. Singh}, 
booktitle={First International Conference on Testbeds and Research Infrastructures for the DEvelopment of NeTworks and COMmunities}, 
title={ORBIT testbed software architecture: supporting experiments as a service}, 
year={2005}, 
pages={136-145}, 
keywords={indoor radio;open systems;radio networks;software architecture;telecommunication channels;telecommunication computing;telecommunication services;ORBIT;next-generation wireless network;open access research testbed;radio grid testbed;software architecture;supporting experiment service;Computer architecture;Control system synthesis;Hardware;Interference;Network interfaces;Page description languages;Peer to peer computing;Software architecture;Software testing;Wireless networks}, 
doi={10.1109/TRIDNT.2005.27}, 
month={Feb},}
