@INPROCEEDINGS{6526525,
author={Sruthi, M.B. and Abirami, M. and Manikkoth, A. and Gandhiraj, R. and Soman, K.P.},
booktitle={Automation, Computing, Communication, Control and Compressed Sensing (iMac4s), 2013 International Multi-Conference on},
title={Low cost digital transceiver design for Software Defined Radio using RTL-SDR},
year={2013},
month={March},
pages={852-855},
keywords={cost reduction;mixers (circuits);radio transceivers;software radio;GNU radio-companion;Linux platform;RTL-SDR;Realtek software defined radio;USRP;Windows platform;cost reduction;digital transceiver design;hardware maintenance;mixer circuit;open source hardware;total transceiver system;universal software radio peripheral;up-gradation;wireless communication;Frequency shift keying;Hardware;Mixers;Radio frequency;Software;Software radio;GNU Radio-Companion;MIXER;RTL-SDR;SDR;USRP},
doi={10.1109/iMac4s.2013.6526525},}


@INPROCEEDINGS{6893337,
author={Sergienko, A.B.},
booktitle={Computer Technologies in Physical and Engineering Applications (ICCTPEA), 2014 International Conference on},
title={Software-defined radio in MATLAB Simulink with RTL-SDR hardware},
year={2014},
month={June},
pages={160-161},
keywords={demodulators;mathematics computing;software radio;television receivers;MATLAB Simulink;MATLAB/Simulink;RTL-SDR hardware;Realtek RTL2832U demodulator;Release 2013b;USB TV receivers;software-defined radio platform;Demodulation;Digital TV;MATLAB;Ports (Computers);Receivers;Tuners},
doi={10.1109/ICCTPEA.2014.6893337},}

@INPROCEEDINGS{6821718,
author={Uengtrakul, B. and Bunnjaweht, D.},
booktitle={Digital Information and Communication Technology and it's Applications (DICTAP), 2014 Fourth International Conference on},
title={A cost efficient software defined radio receiver for demonstrating concepts in communication and signal processing using Python and RTL-SDR},
year={2014},
month={May},
pages={394-399},
keywords={electrical engineering education;radio receivers;signal processing;software radio;Python;RTL-SDR;communication processing;cost efficient software defined radio receiver;digital TV tuner;educational tool;electrical engineering studies;radio signal;signal processing;Frequency modulation;Receivers;Software;Software radio;Tuners;Affordable;Communication;Cost Efficient;Demonstration;Education;Python;RTL-SDR;Signal Processing;Software Defined Radio},
doi={10.1109/DICTAP.2014.6821718},}

@INPROCEEDINGS{6938691,
author={Danymol, R. and Ajitha, T. and Gandhiraj, R.},
booktitle={Advanced Computing and Communication Systems (ICACCS), 2013 International Conference on},
title={Real-time communication system design using RTL-SDR and Raspberry Pi},
year={2013},
month={Dec},
pages={1-5},
keywords={receivers;software radio;FM signals;GNU radio experiments;Local Area Network;RTL-2832U USB receiver;RTL-SDR;Raspberry Pi;real-time communication system design;software defined radio;Computers;Frequency modulation;Servers;Software;Tuners;Universal Serial Bus;GNU Radio;RTL-SDR;Raspberry Pi;SDR Sharp},
doi={10.1109/ICACCS.2013.6938691},}

@INPROCEEDINGS{6922233,
author={Nimmi, S. and Saranya, V. and Theertha Das, G.M. and Gandhiraj, R.},
booktitle={Green Computing Communication and Electrical Engineering (ICGCCEE), 2014 International Conference on},
title={Real-time video streaming using GStreamer in GNU Radio platform},
year={2014},
month={March},
pages={1-6},
keywords={computer aided instruction;educational aids;public domain software;software radio;telecommunication computing;video streaming;GNU radio platform;GStreamer pipeline;Mplayer;RTL-SDR;USRP;Universal Synchronous Radio Peripheral;educators learning styles;live video stream buffering;open source platform;real-time video streaming;receiver block;software defined radio;students learning styles;Radio transmitters;Real-time systems;Receivers;Signal processing;Software;Software radio;Streaming media;GMSK modulation;GNU Radio Companion;GStreamer;RTL-SDR;USRP;Video streaming},
doi={10.1109/ICGCCEE.2014.6922233},}

@INPROCEEDINGS{6726630,
author={Abirami, M. and Hariharan, V. and Sruthi, M.B. and Gandhiraj, R. and Soman, K.P.},
booktitle={Computing, Communications and Networking Technologies (ICCCNT),2013 Fourth International Conference on},
title={Exploiting GNU radio and USRP: An economical test bed for real time communication systems},
year={2013},
month={July},
pages={1-6},
keywords={real-time systems;software radio;telecommunication computing;GNU radio companion;GRC;RTL-SDR;USRP;analog communication experiment;real time communication system;universal software radio peripheral;Frequency modulation;Hardware;Real-time systems;Receivers;Software;Software radio;RealTek Software Defined Radio (RTLSDR);Software Defined Radio(SDR);Universal Software Radio Peripheral(USRP)},
doi={10.1109/ICCCNT.2013.6726630},}

@INPROCEEDINGS{4509617,
author={Alimi, R. and Li Li and Ramjee, R. and Viswanathan, H. and Yang, Y.R.},
booktitle={INFOCOM 2008. The 27th Conference on Computer Communications. IEEE},
title={iPack: in-Network Packet Mixing for High Throughput Wireless Mesh Networks},
year={2008},
month={April},
pages={-},
keywords={encoding;optimisation;packet radio networks;protocols;scheduling;telecommunication traffic;XOR-based network coding;high throughput wireless mesh network;iPack in-network packet mixing;joint coding iPack algorithm;joint optimization scheduler;network traffic;optimal mixing algorithm;physical layer superposition coding;protocol stack;Communications Society;Network coding;Performance gain;Physical layer;Protocols;Telecommunication traffic;Testing;Throughput;USA Councils;Wireless mesh networks},
doi={10.1109/INFOCOM.2008.22},
ISSN={0743-166X},}

@INPROCEEDINGS{5062250,
author={Li Li and Alimi, R. and Ramjee, R. and Viswanathan, H. and Yang, Y.R.},
booktitle={INFOCOM 2009, IEEE},
title={muNet: Harnessing Multiuser Capacity in Wireless Mesh Networks},
year={2009},
month={April},
pages={2876-2880},
keywords={access protocols;channel capacity;encoding;interference suppression;radio networks;radio receivers;radio transmitters;routing protocols;GNU radio platform;MAC protocol;media access control;muNet;multiaccess wireless channels;multiuser capacity;physical layer techniques;receivers;routing protocol;simultaneous unicast transmissions;successive interference cancellation;superposition coding;transmission scheduling;transmitter;wireless mesh network design;Channel capacity;Gain measurement;Interference cancellation;Media Access Protocol;Physical layer;Radio transmitters;Receivers;Routing protocols;Unicast;Wireless mesh networks},
doi={10.1109/INFCOM.2009.5062250},
ISSN={0743-166X},}

@INPROCEEDINGS{4292880,
author={Miller, R. and Wenyuan Xu and Kamat, Pandurang and Trappe, W.},
booktitle={Sensor, Mesh and Ad Hoc Communications and Networks, 2007. SECON '07. 4th Annual IEEE Communications Society Conference on},
title={Service Discovery and Device Identification in Cognitive Radio Networks},
year={2007},
month={June},
pages={670-677},
keywords={cognitive radio;cryptography;protocols;telecommunication network reliability;authentication functionality;cognitive radio networks;device identification;narrowband spectral sampling;physical layer information;protocol-specific properties;service discovery;spectral efficiency;Authentication;Chromium;Cognitive radio;Computer industry;Narrowband;Object recognition;Physical layer;Protocols;Sampling methods;Software radio;Cognitive Radio;GNU Radio;Spectral Sensing;USRP},
doi={10.1109/SAHCN.2007.4292880},}

@INPROCEEDINGS{5462112,
author={Chansu Yu and Tianning Shen and Shin, K.G. and Jeong-Yoon Lee and Young-Joo Suh},
booktitle={INFOCOM, 2010 Proceedings IEEE},
title={Multihop Transmission Opportunity in Wireless Multihop Networks},
year={2010},
month={March},
pages={1-9},
keywords={access protocols;radio networks;wireless LAN;802.11 radios;GNU radio-based experiment;MAC-layer overhead;USRP radio-based experiment;mobile social networks;multihop transmission opportunity;multirate adaptation mechanism;network protocol;wireless mesh networks;wireless multihop networks;wireless sensor networks;Bit rate;Computer networks;Mobile communication;Peer to peer computing;Protocols;Social network services;Spread spectrum communication;Telecommunication traffic;Wireless mesh networks;Wireless sensor networks},
doi={10.1109/INFCOM.2010.5462112},
ISSN={0743-166X},}

@INPROCEEDINGS{7141228,
author={Syed, A.R. and Yau, K.L.A. and Mohamad, H. and Ramli, N. and Hashim, W.},
booktitle={Frontiers of Communications, Networks and Applications (ICFCNA 2014 - Malaysia), International Conference on},
title={Channel selection in multi-hop cognitive radio network using reinforcement learning: An experimental study},
year={2014},
month={Nov},
pages={1-6},
keywords={cognitive radio;computer network security;learning (artificial intelligence);relay networks (telecommunication);video surveillance;wireless mesh networks;CR network context;GNU radio units;PU;RL;SU;USRP;artificial intelligence approach;channel selection;denial of service attacks;destination nodes;honest users;licensed users;malicious user activities;multihop cognitive radio network;network performance improvement;operating channel;primary users;radio spectrum;reinforcement learning;relay nodes;secondary users;source nodes;universal software radio peripheral;unlicensed users;video surveillance application;wireless applications;Cognitive radio;GNU radio;applied artificial intelligence;channel access;channel selection;dynamic spectrum access;multi-hop networks;opportunistic spectrum access;reinforcement learning (RL);universal software radio peripheral (USRP)},
doi={10.1049/cp.2014.1402},}

@INPROCEEDINGS{5508221,
author={Nagaraju, P.B. and Lei Ding and Melodia, T. and Batalama, S.N. and Pados, D.A. and Matyjas, J.D.},
booktitle={Sensor Mesh and Ad Hoc Communications and Networks (SECON), 2010 7th Annual IEEE Communications Society Conference on},
title={Implementation of a Distributed Joint Routing and Dynamic Spectrum Allocation Algorithm on USRP2 Radios},
year={2010},
month={June},
pages={1-2},
keywords={cognitive radio;decentralised control;interference suppression;software radio;telecommunication network routing;telecommunication traffic;USRP2 software-defined-radio platform;adaptive signal generation;cognitive ad hoc network;distributed joint routing;dynamic spectrum allocation algorithm;interference profile;interference-avoiding waveform selection;network topology;time-varying traffic demands;Ad hoc networks;Cognitive radio;Communication system traffic control;Distributed control;Heuristic algorithms;Interference;Network topology;Protocols;Routing;Software prototyping},
doi={10.1109/SECON.2010.5508221},}

@INPROCEEDINGS{6684374,
author={Arcia-Moret, A. and Pietrosemoli, E. and Zennaro, M.},
booktitle={Global Information Infrastructure Symposium, 2013},
title={WhispPi: White space monitoring with Raspberry Pi},
year={2013},
month={Oct},
pages={1-6},
keywords={calibration;spectral analysers;system-on-chip;television broadcasting;UHF TV spectrum;mobile measurement campaigns;raspberry Pi;rural communications;spectrum analyser;spectrum occupancy;white space monitoring;Cities and towns;Frequency measurement;Heating;Radio frequency;Sea measurements;TV;UHF measurements},
doi={10.1109/GIIS.2013.6684374},}

@INPROCEEDINGS{6826076,
author={Sutton, P.D. and Doyle, L.E.},
booktitle={Global Engineering Education Conference (EDUCON), 2014 IEEE},
title={The gamification of Dynamic Spectrum Access amp; cognitive radio},
year={2014},
month={April},
pages={107-113},
keywords={cognitive radio;radio receivers;radio transmitters;software radio;wireless channels;DARPA spectrum challenge;DSA;MANIAC challenge;cognitive radio;dynamic environment;dynamic spectrum access;gamification;high-speed mobile wireless data;iris framework;receiver;software radio;software-based radio systems;spectrum wars;transmitter;wireless connections;wireless telecommunications;Bandwidth;Dynamic spectrum access;Games;Iris;Iris recognition;Receivers;Wireless communication;cognitive radio;dynamic spectrum access;gamification;learning through action;open source platforms;software radio},
doi={10.1109/EDUCON.2014.6826076},}

@INPROCEEDINGS{6817817,
author={Sutton, P.D. and Doyle, L.E.},
booktitle={Dynamic Spectrum Access Networks (DYSPAN), 2014 IEEE International Symposium on},
title={Spectrum Wars Gamification of dynamic spectrum access and cognitive radio},
year={2014},
month={April},
pages={370-371},
keywords={cognitive radio;interference suppression;radio receivers;radio transmitters;software radio;synchronisation;Iris software radios;active transmissions;carrier frequency;cognitive radio;display node;dynamic spectrum access;gamification;graphical display;graphical interface;interactive dynamic spectrum access game;interference;interference avoidance strategies;power spectral density;receiver;scoring charts;spectrum access scenario;spectrum band;spectrum wars;synchronization;time-varying nature;transmitter;waterfall display;Bandwidth;Dynamic spectrum access;Games;Iris recognition;Radio transmitters;Receivers;Wireless communication},
doi={10.1109/DySPAN.2014.6817817},}

@INPROCEEDINGS{5457862,
author={Almasaeid, Hisham M. and Kamal, A.E.},
booktitle={New Frontiers in Dynamic Spectrum, 2010 IEEE Symposium on},
title={Receiver-Based Channel Allocation for Wireless Cognitive Radio Mesh Networks},
year={2010},
month={April},
pages={1-10},
keywords={channel allocation;cognitive radio;integer programming;linear programming;radio receivers;wireless mesh networks;heuristic solution;mixed integer linear program;receiver based channel allocation;signal-to-interference and noise-ratio;sporadic channel utilization;wireless cognitive radio mesh networks;Broadcasting;Channel allocation;Cognitive radio;Communication system control;Communications Society;Degradation;Frequency;Mesh networks;Throughput;Transceivers},
doi={10.1109/DYSPAN.2010.5457862},}

@INPROCEEDINGS{6392009,
author={Yang Guo and Tao Zhao and Jihua Zhou and Yuming Ge and Yi Sun},
booktitle={Computer and Information Technology (CIT), 2012 IEEE 12th International Conference on},
title={Research on Multi-channel MAC Protocol in Cognitive Mesh Network},
year={2012},
month={Oct},
pages={833-837},
keywords={channel estimation;cognitive radio;time division multiple access;wireless mesh networks;TDMA access mechanism;channel allocation;channel selection;cognitive mesh network;collision avoidance;distributed reservation;multichannel MAC protocol;reservation-based resource scheduling;Algorithm design and analysis;Channel allocation;Delay;Media Access Protocol;Mesh networks;Throughput;channel allocation;cognitive mesh;collision avoidance;distributed reservation},
doi={10.1109/CIT.2012.173},}

@ARTICLE{6112757,
author={Yong Ding and Li Xiao},
journal={Mobile Computing, IEEE Transactions on},
title={Video On-Demand Streaming in Cognitive Wireless Mesh Networks},
year={2013},
month={March},
volume={12},
number={3},
pages={412-423},
keywords={channel allocation;cognitive radio;multipath channels;quality of service;radio spectrum management;telecommunication network routing;video on demand;wireless mesh networks;bandwidth cost;centralized routing;channel allocation;cognitive radio;distributed routing;dynamic access;multiinterface cognitive wireless mesh network;multipath routing;multisource video on-demand;network capacity;quality of service;spectrum allocation;spectrum mobility;video on-demand streaming;Bandwidth;Cognitive radio;Resource management;Routing;Servers;Streaming media;Wireless mesh networks;Cognitive radio;routing;spectrum allocation;video streaming},
doi={10.1109/TMC.2011.273},}

@ARTICLE{6778761,
author={Yi Xu and Donglin Hu and Shiwen Mao},
journal={Circuits and Systems for Video Technology, IEEE Transactions on},
title={Relay-Assisted Multiuser Video Streaming in Cognitive Radio Networks},
year={2014},
month={Oct},
volume={24},
number={10},
pages={1758-1770},
keywords={cellular radio;cognitive radio;distributed algorithms;greedy algorithms;multiuser channels;precoding;relay networks (telecommunication);stochastic programming;telecommunication traffic;video coding;video streaming;cellular network;channel bonding;cognitive radio networks;computational complexity;convergence speed;downlink multiuser video streaming;encoded signals;greedy algorithm;heuristic schemes;licensed channels;optimal distributed algorithm;relay-assisted multiuser video streaming;stochastic programming formulation;wireless video traffic;zero-forcing precoding;Bonding;Relays;Sensors;Streaming media;Transmitters;Vectors;Wireless communication;Cognitive radio (CR);optimization;relay-enhanced cellular network;video streaming;zero forcing},
doi={10.1109/TCSVT.2014.2313898},}

@INPROCEEDINGS{6127507,
author={Hsieh-Chung Chen and Kung, H.T. and Vlah, D. and Hague, D. and Muccio, M. and Poland, B.},
booktitle={MILITARY COMMUNICATIONS CONFERENCE, 2011 - MILCOM 2011},
title={Collaborative compressive spectrum sensing in a UAV environment},
year={2011},
month={Nov},
pages={142-148},
keywords={autonomous aerial vehicles;cognitive radio;decoding;wireless channels;UAV environment;UAV flight;cognitive radio channel assignment;collaborative compressive spectrum sensing;compressive sensing decoding;conventional spectrum sensing;distributed compressive sensing;distributed spectrum sensing;high-power frequencies;multiple sensing nodes;network bandwidth;packet-loss traces;radiolocation;sensor;software-defined radios;wireless applications;Collaboration;Compressed sensing;Decoding;Sensors;Time measurement;Transmitters;Vectors},
doi={10.1109/MILCOM.2011.6127507},
ISSN={2155-7578},}

@INPROCEEDINGS{5457842,
author={Sydor, J. and Ghasemi, A. and Palaninathan, S. and Wong, W.},
booktitle={New Frontiers in Dynamic Spectrum, 2010 IEEE Symposium on},
title={Cognitive, Radio-Aware, Low-Cost #40;CORAL #41; Research Platform},
year={2010},
month={April},
pages={1-2},
keywords={cognitive radio;frequency allocation;CORAL;cochannel interference avoidance;cognitive radio aware low cost research platform;low cost wireless device;radio environment awareness;spectrum utilization;white space selection;Access protocols;Cognitive radio;Communications Society;Interchannel interference;Licenses;Radio control;Radio spectrum management;White spaces;Wireless networks;Wireless sensor networks},
doi={10.1109/DYSPAN.2010.5457842},}

@INPROCEEDINGS{7124942,
author={Kumar, P.V. and Malarvizhi, S. and Hariprasath, M.},
booktitle={Electronics and Communication Systems (ICECS), 2015 2nd International Conference on},
title={Low cost reception scheme for MIMO cognitive radio},
year={2015},
month={Feb},
pages={43-46},
keywords={MIMO communication;array signal processing;cognitive radio;computational complexity;optimisation;radio reception;radiofrequency interference;software radio;ASF scheme;MIMO cognitive radio;RF chain;antenna sub array formation scheme;beam forming signal processing technique;channel state information;computational complex process;low cost reception scheme;radio frequency chain;secondary user capacity;signal to interference ratio;software defined radio;Antenna arrays;Arrays;Cognitive radio;MIMO;Radio transmitters;Receiving antennas;Antenna Selection(AS);antenna subarray formation(ASF);beamforming;cognitiveradio(CR);multiple-input multiple-output(MIMO)},
doi={10.1109/ECS.2015.7124942},}

@INPROCEEDINGS{6654982,
author={Saeed, A. and Ibrahim, M. and Harras, K.A. and Youssef, M.},
booktitle={Communications (ICC), 2013 IEEE International Conference on},
title={A low-cost large-scale framework for cognitive radio routing protocols testing},
year={2013},
month={June},
pages={2900-2904},
keywords={access protocols;cognitive radio;mobility management (mobile radio);radio spectrum management;routing protocols;telecommunication network topology;wireless LAN;CRN;CogFrame;MAC layers;PHY layers;USRP2;Wi-Fi cards;cognitive radio networks;cognitive radio routing protocols testing;low-cost large-scale framework;mobility management;ns-2 simulations;regulatory authority policies;scarce radio frequency spectrum;topology management;Cognitive radio;IEEE 802.11 Standards;Media Access Protocol;Routing;Routing protocols;Switches},
doi={10.1109/ICC.2013.6654982},
ISSN={1550-3607},}

@ARTICLE{6421105,
author={Young, A.R. and Bostian, C.W.},
journal={Microwave Magazine, IEEE},
title={Simple and low-cost platforms for cognitive radio experiments [Application Notes]},
year={2013},
month={Jan},
volume={14},
number={1},
pages={146-157},
keywords={application specific integrated circuits;cognitive radio;software radio;ASIC;RF application specific integrated circuit;SDR portion;SDR subsystem;UAV;application notes;artificial intelligence;cognitive engine;cognitive radio experiments;educational purposes;low-cost platforms;radio controlled model-airplane-sized unmanned aerial vehicles;software defined radio;Cognitive radio;Computers;Frequency shift keying;Hardware;Radio frequency;Radiofrequency integrated circuits;Software radio},
doi={10.1109/MMM.2012.2226543},
ISSN={1527-3342},}

@INPROCEEDINGS{5784217,
author={Mate, A. and Kuo-Hao Lee and I-Tai Lu},
booktitle={Systems, Applications and Technology Conference (LISAT), 2011 IEEE Long Island},
title={Spectrum sensing based on time covariance matrix using GNU radio and USRP for cognitive radio},
year={2011},
month={May},
pages={1-6},
keywords={AWGN;cognitive radio;covariance matrices;eigenvalues and eigenfunctions;noise;public domain software;software radio;spectral analysis;AWGN;COV method;GNU radio;USRP;additive white Gaussian noise;cognitive radio;covariance method;energy detection;frequency spectrum utilization;licensed spectral band;maximum-to-minimum eigenvalue method;open source software toolkit;signal detection indicator;signal energy;software defined radio;spectrum scarcity;spectrum sensing;time correlation;time covariance matrix;time-covariance matrix;universal software radio peripheral;wireless communication;Correlation;Covariance matrix;Eigenvalues and eigenfunctions;Sensors;Signal to noise ratio;Software radio;Cognitive Radio;Covariance Method;Eigenvalue Based Method;Energy Detection;GNU Radio;Software Defined Radio;Spectrum Sensing;USRP},
doi={10.1109/LISAT.2011.5784217},}

@INPROCEEDINGS{6100954,
author={Schroeter, S. and Zimmermann, L. and Schwender, O. and Fischer, G. and Koelpin, A.},
booktitle={Telecom World (ITU WT), 2011 Technical Symposium at ITU},
title={Demonstrator of a scanning receiver subsystem for cognitive Professional Wireless Microphone Systems},
year={2011},
month={Oct},
pages={193-198},
keywords={cognitive radio;interference suppression;microphones;quality of service;radio links;radio receivers;radiofrequency interference;telecommunication network reliability;television;C-PMSE;ETSI;European Telecommunications Standard Institute;SCC;SCR;SCS;Specialist Task Force STF386;TV channel;cognitive PWMS;cognitive engine;cognitive professional wireless microphone system;cognitive programme making-special event;digital dividend;proactive cognitive radio system;quality of service;radio environment protection;radio link;scanning receiver;scanning receiver controller;scanning receiver subsystem;sound quality level;spectrum allocation;spectrum occupation;spectrum sensing capability;voice transmission;Bandwidth;Baseband;Microphones;Receivers;Telecommunication standards;Thyristors;Wireless communication},}

@INPROCEEDINGS{7119159,
author={Reyes, H. and Gellerman, N. and Kaabouch, N.},
booktitle={Aerospace Conference, 2015 IEEE},
title={A cognitive radio system for improving the reliability and security of UAS/UAV networks},
year={2015},
month={March},
pages={1-9},
keywords={aircraft communication;autonomous aerial vehicles;cognitive radio;frequency agility;jamming;radio links;telecommunication network reliability;telecommunication security;UAS-UAV network reliability improvement;UAS-UAV network security;aircraft wireless communication;cognitive radio system;data reception;frequency agile;link loss;radio spectrum;unmanned aerial system;unmanned aerial vehicles network;Jamming;Quality of service;Radio transmitters;Reliability;Resource management;Cognitive Radio;Jamming;Lost Link;Reliability;UAS;UAV;Wireless Communication},
doi={10.1109/AERO.2015.7119159},}

@INPROCEEDINGS{6127507,
author={Hsieh-Chung Chen and Kung, H.T. and Vlah, D. and Hague, D. and Muccio, M. and Poland, B.},
booktitle={MILITARY COMMUNICATIONS CONFERENCE, 2011 - MILCOM 2011},
title={Collaborative compressive spectrum sensing in a UAV environment},
year={2011},
month={Nov},
pages={142-148},
keywords={autonomous aerial vehicles;cognitive radio;decoding;wireless channels;UAV environment;UAV flight;cognitive radio channel assignment;collaborative compressive spectrum sensing;compressive sensing decoding;conventional spectrum sensing;distributed compressive sensing;distributed spectrum sensing;high-power frequencies;multiple sensing nodes;network bandwidth;packet-loss traces;radiolocation;sensor;software-defined radios;wireless applications;Collaboration;Compressed sensing;Decoding;Sensors;Time measurement;Transmitters;Vectors},
doi={10.1109/MILCOM.2011.6127507},
ISSN={2155-7578},}


